time,bid,ask,last_price,volume
2019-06-15 15:14:50,8714.2,8714.3,8714.2,12066.9845947
2019-06-15 15:15:00,8714.2,8714.3,8714.3,12067.14288682
2019-06-15 15:15:10,8714.2,8714.3,8714.3,12067.14288682
2019-06-15 15:15:20,8714.2,8714.3,8714.3,12067.14788682
2019-06-15 15:15:30,8714.2,8714.3,8714.3,12067.14788682
2019-06-15 15:15:40,8714.2,8714.3,8714.3,12014.63258093
2019-06-15 15:15:50,8713.9,8714.0,8713.9,12014.71555493
2019-06-15 15:16:00,8713.0,8713.1,8711.8,12029.90361363
2019-06-15 15:16:10,8713.0,8713.1,8711.8,12029.90361363
2019-06-15 15:16:20,8706.8,8706.9,8706.8,12030.96556521
2019-06-15 15:16:30,8706.8,8706.9,8706.8,12030.985565209999998
2019-06-15 15:16:40,8706.8,8706.9,8706.8,12030.985565209999998
2019-06-15 15:16:50,8704.9,8706.4,8705.6,12030.985565209999998
2019-06-15 15:17:00,8705.6,8706.2,8705.6,12031.52843521
2019-06-15 15:17:10,8705.6,8705.7,8705.6,12031.73843521
2019-06-15 15:17:20,8705.6,8705.7,8705.6,12031.73843521
2019-06-15 15:17:30,8705.6,8705.7,8705.6,12031.97586838
2019-06-15 15:17:40,8705.6,8705.7,8705.7,12031.97586838
2019-06-15 15:17:50,8705.6,8705.7,8705.7,12031.97586838
2019-06-15 15:18:00,8705.6,8705.7,8705.7,12031.97586838
2019-06-15 15:18:10,8705.5,8705.6,8705.6,12032.10020946
2019-06-15 15:18:20,8705.5,8705.6,8705.6,12032.10020946
2019-06-15 15:18:30,8705.5,8705.6,8704.9,12032.18020946
2019-06-15 15:18:40,8705.5,8705.6,8704.9,12032.18020946
2019-06-15 15:18:50,8705.6,8705.7,8705.7,12032.77120946
2019-06-15 15:19:00,8705.6,8705.7,8705.6,12032.79120946
2019-06-15 15:19:10,8705.6,8705.7,8705.6,12032.79120946
2019-06-15 15:19:20,8705.6,8705.7,8705.6,12032.79120946
2019-06-15 15:19:30,8705.6,8705.7,8705.3,12033.49120946
2019-06-15 15:19:40,8705.6,8705.7,8705.6,12035.49348753
2019-06-15 15:19:50,8705.6,8705.7,8705.7,12035.85515341
2019-06-15 15:20:00,8705.6,8705.7,8705.7,12035.85515341
2019-06-15 15:20:10,8705.6,8705.7,8705.7,12035.85515341
2019-06-15 15:20:20,8705.6,8705.7,8705.6585891,12035.86015341
2019-06-15 15:20:30,8705.6,8705.7,8705.6585891,12035.86015341
2019-06-15 15:20:40,8705.6,8705.7,8705.6585891,12035.86015341
2019-06-15 15:20:50,8705.6,8705.7,8705.7,12035.89322921
2019-06-15 15:21:00,8705.6,8705.7,8705.7,12035.89322921
2019-06-15 15:21:10,8705.6,8705.7,8705.7,12035.89322921
2019-06-15 15:21:20,8705.6,8705.7,8705.6,12035.89822921
2019-06-15 15:21:30,8705.6,8705.7,8705.6,12035.89822921
2019-06-15 15:21:40,8705.6,8705.7,8705.6,12035.93322921
2019-06-15 15:21:50,8705.6,8705.7,8705.6,12035.93322921
2019-06-15 15:22:00,8705.6,8705.7,8705.6,12035.93322921
2019-06-15 15:22:10,8705.6,8705.7,8705.6,12035.95222921
2019-06-15 15:22:20,8705.6,8705.7,8705.7,12035.977229209999998
2019-06-15 15:22:30,8705.6,8705.7,8705.7,12035.977229209999998
2019-06-15 15:22:40,8705.6,8705.7,8705.7,12036.63883144
2019-06-15 15:22:50,8701.6,8701.7,8701.7,12037.81469259
2019-06-15 15:23:00,8701.6,8701.7,8701.7,12037.81469259
2019-06-15 15:23:10,8701.6,8701.7,8701.7,12037.84838013
2019-06-15 15:23:20,8701.6,8701.7,8701.7,12037.84838013
2019-06-15 15:23:30,8701.6,8701.7,8701.7,12037.84838013
2019-06-15 15:23:40,8701.6,8701.7,8701.7,12037.89412356
2019-06-15 15:23:50,8701.6,8701.7,8701.6,12037.90412356
2019-06-15 15:24:00,8701.6,8701.7,8701.6,12038.11912356
2019-06-15 15:24:10,8701.6,8701.7,8701.6,12038.11912356
2019-06-15 15:24:20,8701.6,8701.7,8701.6,12038.11912356
2019-06-15 15:24:30,8701.6,8701.7,8701.6,12038.11912356
2019-06-15 15:24:40,8700.0,8700.1,8700.0,12051.34588541
2019-06-15 15:24:50,8700.0,8700.1,8700.0,12051.34588541
2019-06-15 15:25:00,8700.0,8700.1,8700.0,12051.34588541
2019-06-15 15:25:10,8700.0,8700.1,8700.0,12051.47088541
2019-06-15 15:25:20,8701.6,8701.7,8701.7,12060.48141768
2019-06-15 15:25:30,8701.6,8701.7,8701.7,12060.48141768
2019-06-15 15:25:40,8701.6,8701.7,8701.7,12060.53141768
2019-06-15 15:25:50,8701.6,8701.7,8701.7,12060.53141768
2019-06-15 15:26:00,8701.6,8701.7,8701.6,12060.54641768
2019-06-15 15:26:10,8701.6,8701.7,8701.6,12060.54641768
2019-06-15 15:26:20,8701.6,8701.7,8701.6,12060.56141768
2019-06-15 15:26:30,8701.6,8701.7,8701.6,12060.56141768
2019-06-15 15:26:40,8701.6,8701.7,8701.6,12060.69141768
2019-06-15 15:26:50,8701.6,8701.7,8701.6,12060.69141768
2019-06-15 15:27:00,8701.0,8701.1,8701.0,12063.166682699999996
2019-06-15 15:27:10,8701.0,8701.1,8701.0,12063.166682699999996
2019-06-15 15:27:20,8700.0,8700.1,8700.0,12063.73795546
2019-06-15 15:27:30,8700.0,8700.1,8700.0,12064.09795546
2019-06-15 15:27:40,8700.0,8700.1,8700.0,12064.09795546
2019-06-15 15:27:50,8700.0,8700.1,8700.0,12076.78897932
2019-06-15 15:28:00,8700.0,8700.1,8700.0,12064.14295546
2019-06-15 15:28:10,8700.0,8700.1,8700.0,12088.95718995
2019-06-15 15:28:20,8700.0,8700.1,8700.0,12088.95718995
2019-06-15 15:28:30,8700.0,8700.1,8700.0,12109.13810667
2019-06-15 15:28:40,8700.0,8700.1,8700.0,12109.13810667
2019-06-15 15:28:50,8691.8,8691.9,8688.6,12157.52445849
2019-06-15 15:29:00,8689.7,8689.8,8689.7,12157.72445849
2019-06-15 15:29:10,8689.7,8689.8,8689.7,12159.62324706
2019-06-15 15:29:20,8689.7,8689.8,8689.7,12159.62324706
2019-06-15 15:29:30,8689.7,8689.8,8689.8,12166.76576092
2019-06-15 15:29:40,8689.7,8689.8,8689.8,12166.76576092
2019-06-15 15:29:50,8689.7,8689.8,8689.7,12167.18459179
2019-06-15 15:30:00,8689.7,8689.8,8689.7,12168.18098606
2019-06-15 15:30:10,8689.7,8689.8,8689.7,12168.18098606
2019-06-15 15:30:20,8689.7,8689.8,8689.7,12168.38266505000001
2019-06-15 15:30:30,8689.7,8689.8,8689.7,12080.92744707
2019-06-15 15:30:40,8689.7,8689.8,8689.7,12080.95744707
2019-06-15 15:30:50,8689.7,8689.8,8689.7,12080.95744707
2019-06-15 15:31:00,8689.7,8689.8,8689.7,12080.97744707
2019-06-15 15:31:10,8689.7,8689.8,8689.7,12080.98744706999999997
2019-06-15 15:31:20,8689.7,8689.8,8689.8,12081.98744707
2019-06-15 15:31:30,8689.7,8689.8,8689.8,12081.98744707
2019-06-15 15:31:40,8689.7,8689.8,8689.8,12081.98744707
2019-06-15 15:31:50,8689.7,8689.8,8689.723438,12082.05244707
2019-06-15 15:32:00,8689.7,8689.8,8694.4,12082.35476303
2019-06-15 15:32:10,8689.7,8689.8,8694.4,12082.35476303
2019-06-15 15:32:20,8694.9,8695.0,8695.0,12082.3868665999999999
2019-06-15 15:32:30,8694.9,8695.0,8695.0,12082.3868665999999999
2019-06-15 15:32:40,8694.9,8695.0,8695.0,12082.3868665999999999
2019-06-15 15:32:50,8694.9,8695.0,8695.0,12082.3868665999999999
2019-06-15 15:33:00,8694.9,8695.0,8695.0,12082.48200251
2019-06-15 15:33:10,8694.9,8695.0,8695.0,12082.4920025099999999
2019-06-15 15:33:20,8694.9,8695.0,8695.0,12082.4920025099999999
2019-06-15 15:33:30,8694.9,8695.0,8695.0,12082.4920025099999999
2019-06-15 15:33:40,8696.4,8696.5,8696.5,12084.31006692
2019-06-15 15:33:50,8695.2,8698.1,8696.1,12084.33506692
2019-06-15 15:34:00,8696.3,8698.1,8698.1,12084.55306692
2019-06-15 15:34:10,8696.3,8698.1,8697.0,12084.56306692
2019-06-15 15:34:20,8700.4,8700.5,8700.5,12092.72097355
2019-06-15 15:34:30,8700.4,8700.5,8700.5,12092.72097355
2019-06-15 15:34:40,8703.4,8705.0,8703.1,12095.15684252
2019-06-15 15:34:50,8701.7,8705.5,8703.5,12095.52204369
2019-06-15 15:35:00,8701.7,8705.5,8703.5,12095.52204369
2019-06-15 15:35:10,8701.7,8705.5,8703.5,12095.52204369
2019-06-15 15:35:20,8702.1,8705.5,8705.5,12095.52704369
2019-06-15 15:35:30,8702.3,8705.4,8705.5,12096.42872893
2019-06-15 15:35:40,8703.5,8705.5,8705.5,12096.56872893
2019-06-15 15:35:50,8703.5,8705.5,8705.5,12096.56872893
2019-06-15 15:36:00,8704.1,8705.4,8705.5,12096.56872893
2019-06-15 15:36:10,8704.1,8705.4,8705.5,12096.56872893
2019-06-15 15:36:20,8704.3,8705.4,8705.5,12096.56872893
2019-06-15 15:36:30,8704.3,8705.4,8705.4,12096.57872893
2019-06-15 15:36:40,8704.1,8705.4,8704.0,12096.58976734
2019-06-15 15:36:50,8704.7,8705.4,8704.7,12096.63976734
2019-06-15 15:37:00,8704.7,8705.4,8704.7,12096.63976734
2019-06-15 15:37:10,8704.7,8705.4,8704.7,12096.63976734
2019-06-15 15:37:20,8704.2,8705.1,8705.4,12097.40454551
2019-06-15 15:37:30,8704.2,8705.1,8705.4,12097.40454551
2019-06-15 15:37:40,8704.1,8704.2,8704.2,12097.40954551
2019-06-15 15:37:50,8704.1,8704.2,8704.2,12097.40954551
2019-06-15 15:38:00,8704.1,8704.2,8704.2,12097.40954551
2019-06-15 15:38:10,8704.1,8704.2,8704.1,12098.30104551
2019-06-15 15:38:20,8704.1,8704.2,8704.1,12098.30104551
2019-06-15 15:38:30,8704.1,8704.2,8704.1,12098.31104551
2019-06-15 15:38:40,8704.1,8704.2,8704.1,12098.33234551
2019-06-15 15:38:50,8704.1,8704.2,8704.1,12098.33234551
2019-06-15 15:39:00,8704.1,8704.2,8704.1,12098.35501058
2019-06-15 15:39:10,8704.1,8704.2,8700.2,12099.09501058
2019-06-15 15:39:20,8701.0,8703.1,8703.1,12099.15149942
2019-06-15 15:39:30,8701.0,8703.1,8703.1,12099.15149942
2019-06-15 15:39:40,8700.8,8703.1,8700.8,12099.17268317
2019-06-15 15:39:50,8700.8,8702.9,8700.8,12099.18108994
2019-06-15 15:40:00,8700.8,8702.9,8700.8,12099.18108994
2019-06-15 15:40:10,8700.8,8702.9,8700.8,12099.18108994
2019-06-15 15:40:20,8700.8,8701.9,8700.8,12099.18108994
2019-06-15 15:40:30,8700.6,8701.8,8700.0,12102.12185553
2019-06-15 15:40:40,8700.0,8701.9,8701.9,12102.72365553
2019-06-15 15:40:50,8700.0,8701.9,8701.9,12102.72365553
2019-06-15 15:41:00,8700.6,8701.9,8701.9,12102.74365553
2019-06-15 15:41:10,8700.6,8701.9,8701.9,12102.74365553
2019-06-15 15:41:20,8700.6,8701.9,8700.6,12103.60365553
2019-06-15 15:41:30,8700.6,8701.9,8700.6,12103.60365553
2019-06-15 15:41:40,8700.6,8700.8,8700.6,12103.60365553
2019-06-15 15:41:50,8700.6,8700.7,8700.6,12103.60865553
2019-06-15 15:42:00,8700.6,8700.8,8700.6,12103.60365553
2019-06-15 15:42:10,8700.0,8700.8,8700.0,12104.04007675
2019-06-15 15:42:20,8700.0,8700.8,8700.0,12104.04007675
2019-06-15 15:42:30,8700.0,8700.8,8700.8,12104.04362868
2019-06-15 15:42:40,8700.0,8700.1,8700.8,12104.04362868
2019-06-15 15:42:50,8700.0,8700.1,8700.8,12104.04362868
2019-06-15 15:43:00,8700.1,8700.8,8700.1,12104.08362868
2019-06-15 15:43:10,8700.1,8700.8,8700.1,12104.08362868
2019-06-15 15:43:20,8700.0,8700.4,8700.0,12104.61523435
2019-06-15 15:43:30,8700.0,8700.4,8700.0,12104.61523435
2019-06-15 15:43:40,8700.0,8700.4,8700.0,12104.61523435
2019-06-15 15:43:50,8700.0,8700.4,8700.0,12104.61523435
2019-06-15 15:44:00,8700.0,8700.4,8700.0,12104.61523435
2019-06-15 15:44:10,8700.0,8700.8,8700.8,12105.1665266
2019-06-15 15:44:20,8700.0,8700.8,8700.8,12105.1665266
2019-06-15 15:44:30,8700.0,8700.8,8700.8,12105.1765266
2019-06-15 15:44:40,8700.0,8700.8,8700.0,12105.17926122
2019-06-15 15:44:50,8700.0,8700.8,8700.0,12105.17926122
2019-06-15 15:45:00,8700.5,8700.8,8700.8,12105.19027517
2019-06-15 15:45:10,8700.5,8700.8,8700.8,12105.97927517
2019-06-15 15:45:20,8700.5,8700.8,8700.8,12105.97927517
2019-06-15 15:45:30,8700.2,8700.8,8700.8,12081.2259751
2019-06-15 15:45:40,8700.2,8700.8,8700.8,12081.2259751
2019-06-15 15:45:50,8700.0,8700.1,8700.0,12081.2359751
2019-06-15 15:46:00,8700.0,8700.1,8700.0,12081.2359751
2019-06-15 15:46:10,8700.0,8700.1,8700.0,12081.2359751
2019-06-15 15:46:20,8700.0,8700.1,8700.1,12081.27897510000000002
2019-06-15 15:46:30,8700.0,8700.1,8700.0,12081.4789751
2019-06-15 15:46:40,8700.0,8700.1,8700.0,12081.4789751
2019-06-15 15:46:50,8700.0,8700.1,8700.0,12081.48897510000000004
2019-06-15 15:47:00,8700.0,8700.1,8700.0,12081.48897510000000004
2019-06-15 15:47:10,8700.0,8700.1,8700.0,12081.48897510000000004
2019-06-15 15:47:20,8700.0,8700.1,8700.0,12082.0385751
2019-06-15 15:47:30,8700.0,8700.1,8700.0,12082.0385751
2019-06-15 15:47:40,8700.0,8700.1,8700.0,12082.0385751
2019-06-15 15:47:50,8700.0,8700.1,8700.1,12082.1095751
2019-06-15 15:48:00,8700.0,8700.1,8700.1,12082.1095751
2019-06-15 15:48:10,8700.0,8700.1,8700.1,12082.1095751
2019-06-15 15:48:20,8700.0,8700.1,8700.1,12082.1095751
2019-06-15 15:48:30,8700.0,8700.1,8700.1,12082.1105751
2019-06-15 15:48:40,8700.0,8700.1,8700.1,12082.16978016
2019-06-15 15:48:50,8700.0,8700.1,8700.1,12082.18723896
2019-06-15 15:49:00,8700.0,8700.1,8700.1,12082.18723896
2019-06-15 15:49:10,8700.0,8700.1,8700.1,12082.18723896
2019-06-15 15:49:20,8700.0,8700.1,8700.0398364,12082.64633896
2019-06-15 15:49:30,8700.0,8700.1,8700.0398364,12082.64633896
2019-06-15 15:49:40,8700.0,8700.1,8700.0398364,12082.64633896
2019-06-15 15:49:50,8700.0,8700.1,8700.0398364,12082.64858223
2019-06-15 15:50:00,8704.9,8705.0,8705.7,12082.66629947
2019-06-15 15:50:10,8704.9,8705.0,8705.7,12082.66629947
2019-06-15 15:50:20,8709.9,8710.0,8712.4,12084.54064625
2019-06-15 15:50:30,8709.9,8710.0,8712.4,12084.54064625
2019-06-15 15:50:40,8711.1,8711.2,8711.2,12085.70447851
2019-06-15 15:50:50,8711.1,8711.2,8711.2,12085.70447851
2019-06-15 15:51:00,8711.1,8711.9,8711.2,12088.6993347099999995
2019-06-15 15:51:10,8711.1,8711.9,8711.2,12088.6993347099999995
2019-06-15 15:51:20,8712.1,8712.2,8712.2,12091.27595734
2019-06-15 15:51:30,8712.1,8712.2,8712.2,12091.82595734
2019-06-15 15:51:40,8712.1,8712.2,8712.1,12091.82595734
2019-06-15 15:51:50,8712.1,8712.2,8712.1,12091.82595734
2019-06-15 15:52:00,8712.1,8712.2,8712.1,12091.82595734
2019-06-15 15:52:10,8712.1,8712.2,8712.1,12092.70215734
2019-06-15 15:52:20,8712.1,8712.2,8712.1,12092.70215734
2019-06-15 15:52:30,8712.1,8712.2,8712.2,12092.90354734
2019-06-15 15:52:40,8712.1,8712.2,8712.2,12092.90354734
2019-06-15 15:52:50,8712.1,8712.2,8712.2,12093.142477160000001
2019-06-15 15:53:00,8712.2,8713.0,8713.0,12097.30197716
2019-06-15 15:53:10,8712.2,8713.0,8713.0,12097.30197716
2019-06-15 15:53:20,8713.0,8713.1,8712.5,12097.30197716
2019-06-15 15:53:30,8713.0,8713.1,8713.1,12097.53556715
2019-06-15 15:53:40,8713.0,8713.1,8713.1,12097.53556715
2019-06-15 15:53:50,8713.0,8713.1,8713.1,12097.53556715
2019-06-15 15:54:00,8713.0,8713.1,8713.1,12097.53556715
2019-06-15 15:54:10,8739.7,8739.8,8740.0,12242.76406065
2019-06-15 15:54:20,8739.7,8739.8,8740.0,12242.76406065
2019-06-15 15:54:30,8742.9,8743.0,8742.9,12385.38559724
2019-06-15 15:54:40,8721.8,8723.5,8722.1,12409.71871543
2019-06-15 15:54:50,8721.8,8723.5,8722.1,12409.71871543
2019-06-15 15:55:00,8734.8,8734.9,8734.9,12413.32048959
2019-06-15 15:55:10,8734.8,8734.9,8734.9,12413.32048959
2019-06-15 15:55:20,8730.7,8730.8,8730.7,12421.53160549
2019-06-15 15:55:30,8730.7,8730.8,8730.7,12422.69953921
2019-06-15 15:55:40,8734.3,8735.3,8735.3,12422.8401681
2019-06-15 15:55:50,8721.9,8722.2,8721.9,12445.25366362
2019-06-15 15:56:00,8721.9,8722.2,8721.9,12445.25366362
2019-06-15 15:56:10,8721.9,8722.2,8721.9,12445.25366362
2019-06-15 15:56:20,8712.8,8714.6,8712.1,12469.09685819
2019-06-15 15:56:30,8712.8,8714.6,8712.1,12469.09685819
2019-06-15 15:56:40,8712.8,8714.6,8712.1,12469.09685819
2019-06-15 15:56:50,8705.9,8706.0,8706.0,12472.24084606
2019-06-15 15:57:00,8701.2,8701.3,8700.1,12476.31712044
2019-06-15 15:57:10,8700.0,8700.1,8700.0,12480.63452998
2019-06-15 15:57:20,8700.0,8700.1,8700.0,12480.63452998
2019-06-15 15:57:30,8707.7,8709.1,8708.5,12482.12370232
2019-06-15 15:57:40,8700.5,8703.5,8702.5,12483.36591105
2019-06-15 15:57:50,8700.5,8703.5,8702.5,12483.36591105
2019-06-15 15:58:00,8700.5,8703.5,8702.5,12483.36591105
2019-06-15 15:58:10,8700.0,8700.1,8700.0,12503.22331216
2019-06-15 15:58:20,8700.0,8700.1,8700.0,12503.56331216
2019-06-15 15:58:30,8700.0,8700.1,8700.0,12503.56331216
2019-06-15 15:58:40,8700.0,8700.1,8700.0,12503.56331216
2019-06-15 15:58:50,8680.2,8690.0,8680.2,12549.45451509
2019-06-15 15:59:00,8680.1,8680.2,8680.1,12604.03804702
2019-06-15 15:59:10,8680.1,8680.2,8680.1,12604.03804702
2019-06-15 15:59:20,8677.7,8679.6,8680.2,12633.80324835
2019-06-15 15:59:30,8677.7,8679.6,8680.2,12633.80324835
2019-06-15 15:59:40,8677.7,8679.6,8680.2,12633.80324835
2019-06-15 15:59:50,8674.7,8675.8,8674.7,12643.55418766
2019-06-15 16:00:00,8674.7,8675.8,8674.7,12643.55418766
2019-06-15 16:00:10,8674.9,8675.0,8674.9,12644.55859622
2019-06-15 16:00:20,8674.9,8675.0,8674.9,12644.55859622
2019-06-15 16:00:30,8674.9,8675.0,8674.9,12644.55859622
2019-06-15 16:00:40,8666.4,8669.3,8665.2,12590.15706597
2019-06-15 16:00:50,8666.4,8669.3,8665.2,12590.15706597
2019-06-15 16:01:00,8666.1,8666.2,8666.2,12591.09317569
2019-06-15 16:01:10,8662.1,8662.4,8662.5,12593.65663217
2019-06-15 16:01:20,8662.1,8662.4,8662.5,12593.65663217
2019-06-15 16:01:30,8665.0,8665.1,8664.8,12593.96954189
2019-06-15 16:01:40,8665.0,8665.1,8665.0,12594.31674017
2019-06-15 16:01:50,8665.0,8665.1,8665.0,12594.31674017
2019-06-15 16:02:00,8665.0,8665.1,8665.0,12594.31674017
2019-06-15 16:02:10,8665.0,8665.1,8659.9,12594.88174017
2019-06-15 16:02:20,8650.0,8650.1,8643.4,12616.357030530000002
2019-06-15 16:02:30,8650.0,8650.1,8643.4,12616.357030530000002
2019-06-15 16:02:40,8649.9,8650.0,8649.9,12657.35707048
2019-06-15 16:02:50,8664.8,8664.9,8664.8,12666.622256
2019-06-15 16:03:00,8664.8,8664.9,8664.8,12666.622256
2019-06-15 16:03:10,8664.8,8664.9,8664.8,12666.622256
2019-06-15 16:03:20,8662.1,8662.2,8662.1,12684.1378297
2019-06-15 16:03:30,8658.8,8664.5,8658.6955385,12690.4008297
2019-06-15 16:03:40,8658.8,8664.5,8658.6955385,12690.4008297
2019-06-15 16:03:50,8663.1,8663.2,8658.6955385,12690.4008297
2019-06-15 16:04:00,8666.8,8666.9,8666.89889175,12692.56087602
2019-06-15 16:04:10,8662.9,8663.0,8663.0,12693.62237602
2019-06-15 16:04:20,8667.0,8667.1,8667.1,12693.71387602
2019-06-15 16:04:30,8667.0,8667.1,8667.1,12693.71387602
2019-06-15 16:04:40,8667.0,8667.1,8667.1,12693.71387602
2019-06-15 16:04:50,8667.0,8667.1,8667.01126645,12693.71887602
2019-06-15 16:05:00,8663.5,8663.6,8663.5,12693.71956189
2019-06-15 16:05:10,8663.5,8663.6,8663.5,12693.71956189
2019-06-15 16:05:20,8658.4,8658.5,8658.4,12694.20356189
2019-06-15 16:05:30,8658.4,8658.5,8658.4,12694.27693043
2019-06-15 16:05:40,8658.4,8658.5,8658.4,12694.27693043
2019-06-15 16:05:50,8658.4,8658.5,8658.4,12694.27693043
2019-06-15 16:06:00,8658.4,8658.5,8658.4,12694.27693043
2019-06-15 16:06:10,8658.4,8658.5,8658.4,12694.28693043
2019-06-15 16:06:20,8655.1,8655.2,8655.1,12694.65402659
2019-06-15 16:06:30,8655.1,8655.2,8655.1,12694.65402659
2019-06-15 16:06:40,8652.6,8652.7,8652.6949366,12695.73401152
2019-06-15 16:06:50,8652.6,8652.7,8652.6949366,12695.73401152
2019-06-15 16:07:00,8652.6,8652.7,8652.6949366,12695.77901152
2019-06-15 16:07:10,8652.6,8652.7,8652.6949366,12695.77901152
2019-06-15 16:07:20,8652.6,8652.7,8652.6949366,12695.89401152
2019-06-15 16:07:30,8652.6,8652.7,8652.6949366,12695.89401152
2019-06-15 16:07:40,8652.6,8652.7,8652.6949366,12695.89401152
2019-06-15 16:07:50,8652.6,8652.7,8652.6949366,12695.89401152
2019-06-15 16:08:00,8662.9,8663.0,8655.0,12696.26956019
2019-06-15 16:08:10,8662.9,8663.0,8655.0,12696.26956019
2019-06-15 16:08:20,8662.9,8663.0,8663.0,12696.28106019
2019-06-15 16:08:30,8662.9,8663.0,8663.0,12696.28106019
2019-06-15 16:08:40,8662.9,8663.0,8663.0,12706.29106019
2019-06-15 16:08:50,8662.9,8663.0,8662.9,12706.30706019
2019-06-15 16:09:00,8662.9,8663.0,8662.9,12706.30706019
2019-06-15 16:09:10,8662.9,8663.0,8662.9,12706.30706019
2019-06-15 16:09:20,8667.1,8667.2,8667.2,12707.67737642
2019-06-15 16:09:30,8666.4,8667.1,8667.1,12708.13340596
2019-06-15 16:09:40,8666.4,8667.1,8667.1,12708.13340596
2019-06-15 16:09:50,8664.7,8665.1,8662.1,12708.33840596
2019-06-15 16:10:00,8664.7,8665.1,8662.1,12708.33840596
2019-06-15 16:10:10,8662.5,8665.2,8662.5,12709.16200596
2019-06-15 16:10:20,8662.5,8665.2,8662.5,12709.16200596
2019-06-15 16:10:30,8664.2,8664.3,8663.8,12709.57200596
2019-06-15 16:10:40,8664.2,8664.3,8663.8,12709.57200596
2019-06-15 16:10:50,8664.2,8664.3,8664.3,12709.57700596
2019-06-15 16:11:00,8664.2,8664.3,8664.3,12709.57700596
2019-06-15 16:11:10,8664.2,8664.3,8664.3,12709.57700596
2019-06-15 16:11:20,8664.6,8664.7,8664.2,12709.95500596
2019-06-15 16:11:30,8667.0,8667.1,8665.4,12709.96000596
2019-06-15 16:11:40,8667.0,8667.1,8665.4,12709.96000596
2019-06-15 16:11:50,8667.0,8667.1,8665.4,12709.96000596
2019-06-15 16:12:00,8672.8,8672.9,8672.9,12710.62046204
2019-06-15 16:12:10,8670.5,8671.7,8670.5,12714.76449469
2019-06-15 16:12:20,8674.8,8674.9,8676.2,12715.65383146
2019-06-15 16:12:30,8674.8,8674.9,8676.2,12715.65383146
2019-06-15 16:12:40,8677.6,8677.7,8676.2,12715.65383146
2019-06-15 16:12:50,8677.6,8677.7,8676.2,12715.65383146
2019-06-15 16:13:00,8679.3,8679.4,8676.2,12715.65383146
2019-06-15 16:13:10,8679.3,8679.4,8676.2,12715.65383146
2019-06-15 16:13:20,8680.2,8680.3,8683.1,12716.17883146
2019-06-15 16:13:30,8684.6,8685.6,8685.2,12718.50383146
2019-06-15 16:13:40,8684.8,8684.9,8684.9,12719.36212829
2019-06-15 16:13:50,8684.8,8684.9,8684.9,12719.36212829
2019-06-15 16:14:00,8684.8,8684.9,8684.9,12719.36212829
2019-06-15 16:14:10,8675.0,8675.1,8675.0,12834.15313425
2019-06-15 16:14:20,8675.0,8675.1,8675.0,12834.15313425
2019-06-15 16:14:30,8675.0,8675.1,8675.0,12834.15313425
2019-06-15 16:14:40,8675.0,8675.1,8675.0,12834.49769425
2019-06-15 16:14:50,8675.0,8675.1,8675.0,12834.49769425
2019-06-15 16:15:00,8675.0,8675.1,8675.1,12834.59886831
2019-06-15 16:15:10,8675.0,8675.1,8675.1,12834.59886831
2019-06-15 16:15:20,8675.0,8675.1,8675.1,12834.59886831
2019-06-15 16:15:30,8675.0,8675.1,8675.0,12728.3012196
2019-06-15 16:15:40,8675.0,8675.1,8675.0,12728.3012196
2019-06-15 16:15:50,8675.0,8675.1,8675.0,12729.40830127
2019-06-15 16:16:00,8675.0,8675.1,8675.0,12729.40830127
2019-06-15 16:16:10,8675.0,8675.1,8675.0,12729.40830127
2019-06-15 16:16:20,8675.0,8675.1,8675.0,12729.4644428000000001
2019-06-15 16:16:30,8675.0,8675.1,8675.1,12729.6650790200000002
2019-06-15 16:16:40,8675.0,8675.1,8675.1,12729.6650790200000002
2019-06-15 16:16:50,8675.0,8675.1,8675.0,12729.82757695
2019-06-15 16:17:00,8676.9,8677.0,8677.0,12731.90536113
2019-06-15 16:17:10,8676.9,8677.0,8677.0,12731.90536113
2019-06-15 16:17:20,8676.9,8677.0,8677.0,12732.16536113
2019-06-15 16:17:30,8686.6,8687.8,8685.4,12733.62536113
2019-06-15 16:17:40,8685.0,8685.1,8687.3,12735.74236113
2019-06-15 16:17:50,8685.0,8685.1,8687.3,12735.74236113
2019-06-15 16:18:00,8685.0,8685.1,8687.3,12735.74236113
2019-06-15 16:18:10,8685.0,8685.1,8685.01720728,12735.77562674
2019-06-15 16:18:20,8675.9,8676.0,8676.0,12737.3098564
2019-06-15 16:18:30,8675.9,8676.0,8676.0,12737.3098564
2019-06-15 16:18:40,8676.4,8676.5,8676.2,12737.37907027
2019-06-15 16:18:50,8676.4,8676.5,8676.2,12737.37907027
2019-06-15 16:19:00,8676.2,8676.3,8676.2,12739.48407027
2019-06-15 16:19:10,8676.2,8676.3,8676.2,12739.48407027
2019-06-15 16:19:20,8676.3,8676.4,8676.4,12739.48407027
2019-06-15 16:19:30,8676.3,8676.4,8676.4,12739.61199014
2019-06-15 16:19:40,8676.2,8676.3,8676.2752758,12740.577500269999999
2019-06-15 16:19:50,8676.2,8676.3,8676.2752758,12740.577500269999999
2019-06-15 16:20:00,8676.2,8676.3,8676.2,12740.79297727
2019-06-15 16:20:10,8675.0,8675.1,8675.0,12741.61007387
2019-06-15 16:20:20,8670.6,8670.7,8670.7,12744.28227952
2019-06-15 16:20:30,8675.0,8675.1,8675.0,12741.61007387
2019-06-15 16:20:40,8670.6,8670.7,8670.7,12744.28227952
2019-06-15 16:20:50,8664.8,8667.2,8664.1,12744.67344938
2019-06-15 16:21:00,8669.1,8673.0,8665.6,12745.07344938
2019-06-15 16:21:10,8669.7,8669.9,8669.7,12746.50853185
2019-06-15 16:21:20,8669.7,8669.9,8669.7,12746.50853185
2019-06-15 16:21:30,8673.0,8673.1,8672.1,12746.77643914
2019-06-15 16:21:40,8672.0,8672.1,8672.0,12747.305075969999998
2019-06-15 16:21:50,8672.0,8672.1,8672.0,12747.305075969999998
2019-06-15 16:22:00,8672.0,8672.1,8672.0,12747.30622725
2019-06-15 16:22:10,8672.0,8672.1,8672.0,12747.30622725
2019-06-15 16:22:20,8672.0,8672.1,8672.0,12747.30622725
2019-06-15 16:22:30,8672.0,8672.1,8672.0,12747.30622725
2019-06-15 16:22:40,8671.9,8672.0,8672.0,12750.97995753
2019-06-15 16:22:50,8670.1,8670.2,8670.0,12751.20737233
2019-06-15 16:23:00,8670.1,8670.2,8670.0,12751.20737233
2019-06-15 16:23:10,8670.1,8670.2,8670.0,12751.20737233
2019-06-15 16:23:20,8670.0,8670.1,8670.1,12752.72778736
2019-06-15 16:23:30,8670.0,8670.1,8670.1,12752.72778736
2019-06-15 16:23:40,8670.0,8670.1,8670.0,12753.727787359999998
2019-06-15 16:23:50,8670.0,8670.1,8670.0,12753.727787359999998
2019-06-15 16:24:00,8670.0,8670.1,8670.0,12754.227787359999998
2019-06-15 16:24:10,8670.0,8670.1,8670.0,12754.227787359999998
2019-06-15 16:24:20,8670.0,8670.1,8670.0,12754.227787359999998
2019-06-15 16:24:30,8670.0,8670.1,8670.0,12754.227787359999998
2019-06-15 16:24:40,8670.0,8670.1,8670.0,12754.227787359999998
2019-06-15 16:24:50,8670.0,8670.1,8670.0,12754.24278736
2019-06-15 16:25:00,8670.0,8670.1,8670.04538341,12754.247397229999998
2019-06-15 16:25:10,8670.0,8670.1,8670.04538341,12754.27013456
2019-06-15 16:25:20,8670.0,8670.1,8670.04538341,12754.27013456
2019-06-15 16:25:30,8670.0,8670.1,8670.1,12754.28513456
2019-06-15 16:25:40,8674.6,8674.7,8676.8,12761.50513456
2019-06-15 16:25:50,8676.4,8676.7,8676.8,12761.50513456
2019-06-15 16:26:00,8676.4,8676.7,8676.8,12761.50513456
2019-06-15 16:26:10,8676.6,8676.7,8676.8,12761.50513456
2019-06-15 16:26:20,8676.6,8676.7,8676.8,12761.50513456
2019-06-15 16:26:30,8676.6,8676.7,8676.7,12761.80799844
2019-06-15 16:26:40,8676.6,8676.7,8676.7,12761.85135844
2019-06-15 16:26:50,8676.6,8676.7,8676.7,12761.85135844
2019-06-15 16:27:00,8676.6,8676.7,8676.7,12761.87439535
2019-06-15 16:27:10,8676.6,8676.7,8676.7,12761.87439535
2019-06-15 16:27:20,8676.6,8676.7,8676.7,12761.87439535
2019-06-15 16:27:30,8676.6,8676.7,8676.7,12761.87439535
2019-06-15 16:27:40,8676.6,8676.7,8676.7,12761.87439535
2019-06-15 16:27:50,8676.7,8676.9,8676.7,12761.87439535
2019-06-15 16:28:00,8676.8,8676.9,8676.7,12761.87439535
2019-06-15 16:28:10,8676.8,8676.9,8676.7,12761.87439535
2019-06-15 16:28:20,8676.8,8676.9,8676.8,12761.899395349999996
2019-06-15 16:28:30,8676.8,8676.9,8676.8,12761.899395349999996
2019-06-15 16:28:40,8676.8,8676.9,8676.9,12763.80906778
2019-06-15 16:28:50,8676.8,8676.9,8676.9,12763.80906778
2019-06-15 16:29:00,8676.8,8676.9,8676.9,12763.80906778
2019-06-15 16:29:10,8673.0,8673.1,8672.5,12763.98214758
2019-06-15 16:29:20,8673.0,8673.1,8672.5,12763.98214758
2019-06-15 16:29:30,8673.0,8673.1,8672.5,12763.98214758
2019-06-15 16:29:40,8670.0,8672.7,8672.9,12764.28714758
2019-06-15 16:29:50,8670.0,8672.7,8672.9,12764.28714758
2019-06-15 16:30:00,8670.0,8670.1,8670.0,12764.32020574
2019-06-15 16:30:10,8670.0,8670.1,8670.0,12764.32020574
2019-06-15 16:30:20,8670.0,8670.1,8670.0,12764.32961345
2019-06-15 16:30:30,8670.0,8670.1,8670.0,12764.32961345
2019-06-15 16:30:40,8670.0,8670.1,8670.0,12764.32961345
2019-06-15 16:30:50,8670.0,8670.1,8670.0,12764.32961345
2019-06-15 16:31:00,8670.0,8670.1,8670.0117482,12743.74897943
2019-06-15 16:31:10,8670.0,8670.1,8670.0117482,12743.74897943
2019-06-15 16:31:20,8670.0,8670.1,8670.0117482,12743.74897943
2019-06-15 16:31:30,8670.0,8670.1,8670.0,12743.75697943
2019-06-15 16:31:40,8670.9,8671.0,8670.9,12743.76957943
2019-06-15 16:31:50,8670.9,8671.0,8670.9,12743.76957943
2019-06-15 16:32:00,8670.9,8671.0,8670.9,12743.78957942999999998
2019-06-15 16:32:10,8670.9,8671.0,8670.9,12743.78957942999999998
2019-06-15 16:32:20,8670.9,8671.0,8671.0,12743.94982272
2019-06-15 16:32:30,8670.9,8671.0,8671.0,12743.94982272
2019-06-15 16:32:40,8670.9,8671.0,8671.0,12743.98482272
2019-06-15 16:32:50,8670.9,8671.0,8671.0,12743.98482272
2019-06-15 16:33:00,8672.5,8673.3,8672.5,12744.87982272
2019-06-15 16:33:10,8672.5,8673.3,8672.5,12744.87982272
2019-06-15 16:33:20,8674.0,8674.4,8672.9,12744.98482272
2019-06-15 16:33:30,8674.1,8674.2,8674.2,12745.04467604
2019-06-15 16:33:40,8674.1,8674.2,8674.2,12745.04467604
2019-06-15 16:33:50,8674.1,8674.2,8674.1,12745.10567604
2019-06-15 16:34:00,8674.2,8674.3,8674.3,12745.1851890099999999
2019-06-15 16:34:10,8674.2,8674.3,8674.3,12745.22676165
2019-06-15 16:34:20,8674.2,8674.3,8674.3,12745.22676165
2019-06-15 16:34:30,8673.0,8673.1,8672.5,12745.32776165
2019-06-15 16:34:40,8673.0,8673.1,8672.5,12745.32776165
2019-06-15 16:34:50,8673.4,8673.6,8672.5,12745.32776165
2019-06-15 16:35:00,8673.9,8674.0,8673.41662447,12745.33439287
2019-06-15 16:35:10,8673.9,8674.0,8673.41662447,12745.33439287
2019-06-15 16:35:20,8673.9,8674.0,8673.9725083,12745.3453928699999999
2019-06-15 16:35:30,8673.9,8674.0,8673.9,12745.3553928699999999
2019-06-15 16:35:40,8673.9,8674.0,8673.9,12745.3553928699999999
2019-06-15 16:35:50,8673.9,8674.0,8673.9725083,12745.3553928699999999
2019-06-15 16:36:00,8673.9,8674.0,8673.9725083,12746.44224037
2019-06-15 16:36:10,8673.9,8674.0,8673.9725083,12746.44224037
2019-06-15 16:36:20,8673.9,8674.0,8674.0,12746.44324037
2019-06-15 16:36:30,8673.8,8673.9,8673.9,12746.45124037
2019-06-15 16:36:40,8673.8,8673.9,8673.9,12746.86724037
2019-06-15 16:36:50,8673.8,8673.9,8673.9,12746.86724037
2019-06-15 16:37:00,8673.8,8673.9,8673.9,12746.86724037
2019-06-15 16:37:10,8673.8,8673.9,8673.9,12756.86724037
2019-06-15 16:37:20,8673.8,8673.9,8673.9,12756.86724037
2019-06-15 16:37:30,8673.8,8673.9,8673.9,12756.89404037
2019-06-15 16:37:40,8673.8,8673.9,8673.9,12756.89404037
2019-06-15 16:37:50,8673.8,8673.9,8673.9,12756.89404037
2019-06-15 16:38:00,8673.8,8673.9,8673.8,12757.05404037
2019-06-15 16:38:10,8673.8,8673.9,8673.8,12757.05404037
2019-06-15 16:38:20,8673.8,8673.9,8673.8,12757.05404037
2019-06-15 16:38:30,8673.8,8673.9,8673.8,12757.05404037
2019-06-15 16:38:40,8673.8,8673.9,8673.8,12757.05404037
2019-06-15 16:38:50,8673.8,8673.9,8673.9,12757.05404037
2019-06-15 16:39:00,8673.8,8673.9,8673.9,12757.15404037
2019-06-15 16:39:10,8673.8,8673.9,8673.9,12757.16404037
2019-06-15 16:39:20,8673.8,8673.9,8673.9,12757.35617443
2019-06-15 16:39:30,8673.8,8673.9,8673.9,12757.35617443
2019-06-15 16:39:40,8673.8,8673.9,8673.9,12757.35617443
2019-06-15 16:39:50,8673.8,8673.9,8673.9,12757.36117443
2019-06-15 16:40:00,8673.8,8673.9,8673.9,12757.42455134
2019-06-15 16:40:10,8673.8,8673.9,8673.9,12757.42455134
2019-06-15 16:40:20,8673.8,8673.9,8673.9,12757.47482739
2019-06-15 16:40:30,8676.0,8676.1,8674.0,12757.52482739
2019-06-15 16:40:40,8679.6,8679.7,8679.7,12758.98655851
2019-06-15 16:40:50,8680.5,8680.6,8679.7,12758.98655851
2019-06-15 16:41:00,8679.6,8679.7,8679.7,12758.98655851
2019-06-15 16:41:10,8680.6,8680.7,8679.7,12758.98655851
2019-06-15 16:41:20,8680.6,8680.7,8679.7,12758.98655851
2019-06-15 16:41:30,8681.1,8681.2,8680.2,12764.57647919
2019-06-15 16:41:40,8681.1,8681.2,8680.2,12764.57647919
2019-06-15 16:41:50,8677.4,8677.5,8680.2,12764.57647919
2019-06-15 16:42:00,8673.7,8674.2,8674.5,12765.28947919
2019-06-15 16:42:10,8675.3,8675.4,8674.5,12765.28947919
2019-06-15 16:42:20,8675.3,8675.4,8674.5,12765.28947919
2019-06-15 16:42:30,8675.4,8675.5,8675.4,12765.34308605
2019-06-15 16:42:40,8675.4,8675.5,8675.4,12765.34308605
2019-06-15 16:42:50,8675.4,8675.5,8675.4,12765.34308605
2019-06-15 16:43:00,8675.4,8675.5,8675.4,12765.34308605
2019-06-15 16:43:10,8675.4,8675.5,8675.4393691,12765.34808605
2019-06-15 16:43:20,8676.0,8676.1,8674.8,12769.78036092
2019-06-15 16:43:30,8676.0,8676.1,8674.8,12769.78036092
2019-06-15 16:43:40,8676.0,8676.1,8674.8,12769.78036092
2019-06-15 16:43:50,8676.0,8676.1,8674.8,12769.78036092
2019-06-15 16:44:00,8676.0,8676.1,8674.8,12769.78036092
2019-06-15 16:44:10,8676.0,8676.1,8674.8,12769.78036092
2019-06-15 16:44:20,8676.0,8676.1,8676.0,12769.87643002
2019-06-15 16:44:30,8673.8,8675.6,8673.1,12771.87643002
2019-06-15 16:44:40,8673.8,8675.6,8673.1,12771.87643002
2019-06-15 16:44:50,8674.7,8675.6,8673.1,12771.87643002
2019-06-15 16:45:00,8675.6,8675.7,8675.6,12771.87930975
2019-06-15 16:45:10,8675.6,8675.7,8675.6,12771.87930975
2019-06-15 16:45:20,8675.6,8675.7,8675.6,12771.87930975
2019-06-15 16:45:30,8675.6,8675.7,8675.6,12771.87930975
2019-06-15 16:45:40,8675.6,8675.7,8675.7,12673.87032907
2019-06-15 16:45:50,8675.6,8675.7,8675.7,12673.87032907
2019-06-15 16:46:00,8675.6,8675.7,8675.6,12673.94032907
2019-06-15 16:46:10,8675.6,8675.7,8675.6,12673.94032907
2019-06-15 16:46:20,8675.6,8675.7,8675.6,12673.94032907
2019-06-15 16:46:30,8675.6,8675.7,8675.6,12673.95032907
2019-06-15 16:46:40,8675.6,8675.7,8675.6,12673.95532907
2019-06-15 16:46:50,8675.6,8675.7,8675.6,12673.95532907
2019-06-15 16:47:00,8675.6,8675.7,8675.6,12674.72751985
2019-06-15 16:47:10,8675.6,8675.7,8675.6,12674.72751985
2019-06-15 16:47:20,8675.6,8675.7,8675.6,12674.72751985
2019-06-15 16:47:30,8675.6,8675.7,8675.7,12674.73136785
2019-06-15 16:47:40,8675.6,8675.7,8675.7,12674.73136785
2019-06-15 16:47:50,8675.6,8675.7,8675.7,12674.73136785
2019-06-15 16:48:00,8675.6,8675.7,8675.6,12674.78096785
2019-06-15 16:48:10,8675.6,8675.7,8675.6,12674.80596785
2019-06-15 16:48:20,8675.6,8675.7,8675.6,12674.80596785
2019-06-15 16:48:30,8675.6,8675.7,8675.6,12674.80596785
2019-06-15 16:48:40,8675.6,8675.7,8675.7,12674.86296785
2019-06-15 16:48:50,8675.6,8675.7,8675.7,12674.90296785
2019-06-15 16:49:00,8675.6,8675.7,8675.7,12674.90296785
2019-06-15 16:49:10,8675.6,8675.7,8675.7,12674.90296785
2019-06-15 16:49:20,8675.6,8675.7,8675.7,12674.90296785
2019-06-15 16:49:30,8675.6,8675.7,8675.7,12674.90296785
2019-06-15 16:49:40,8682.6,8682.7,8682.6,12675.84211985
2019-06-15 16:49:50,8683.0,8683.1,8683.6,12676.90239981
2019-06-15 16:50:00,8683.0,8683.1,8683.6,12676.90239981
2019-06-15 16:50:10,8683.5,8683.6,8683.6,12676.90239981
2019-06-15 16:50:20,8683.5,8683.6,8683.6,12676.90239981
2019-06-15 16:50:30,8684.3,8684.4,8683.6,12677.31963814
2019-06-15 16:50:40,8684.3,8684.4,8683.6,12677.31963814
2019-06-15 16:50:50,8686.6,8686.7,8686.7,12677.7596381400000003
2019-06-15 16:51:00,8686.6,8686.7,8686.7,12677.7596381400000003
2019-06-15 16:51:10,8686.6,8686.7,8686.6768393,12677.7596381400000003
2019-06-15 16:51:20,8686.6,8686.7,8686.6768393,12677.7596381400000003
2019-06-15 16:51:30,8690.3,8690.4,8687.8,12677.76063814
2019-06-15 16:51:40,8690.3,8690.4,8690.3,12678.36563814
2019-06-15 16:51:50,8690.3,8690.4,8690.3,12678.36563814
2019-06-15 16:52:00,8690.3,8690.4,8690.4,12678.37563814
2019-06-15 16:52:10,8690.3,8690.4,8690.4,12678.37563814
2019-06-15 16:52:20,8690.3,8690.4,8690.3,12678.44563814
2019-06-15 16:52:30,8690.3,8690.4,8690.4,12678.45163814
2019-06-15 16:52:40,8690.3,8690.4,8690.4,12678.48703614
2019-06-15 16:52:50,8690.3,8690.4,8690.4,12678.48703614
2019-06-15 16:53:00,8690.4,8690.5,8690.5,12678.60703614
2019-06-15 16:53:10,8690.4,8690.5,8690.5,12678.60703614
2019-06-15 16:53:20,8690.5,8690.6,8690.55636217,12678.94033316
2019-06-15 16:53:30,8690.5,8690.6,8690.55636217,12678.94033316
2019-06-15 16:53:40,8690.5,8690.6,8690.55636217,12679.1166331600000005
2019-06-15 16:53:50,8690.5,8690.6,8690.6,12679.12663316
2019-06-15 16:54:00,8690.5,8690.6,8690.6,12679.12663316
2019-06-15 16:54:10,8695.1,8695.2,8695.2,12679.27997298
2019-06-15 16:54:20,8695.2,8695.3,8695.2,12679.32997298
2019-06-15 16:54:30,8695.2,8695.3,8695.2,12679.32997298
2019-06-15 16:54:40,8695.2,8695.3,8695.2,12682.39206698
2019-06-15 16:54:50,8695.2,8695.3,8695.2,12682.39206698
2019-06-15 16:55:00,8695.6,8696.5,8695.6,12682.58736698
2019-06-15 16:55:10,8695.6,8696.5,8695.6,12682.58736698
2019-06-15 16:55:20,8695.8,8695.9,8695.8437373,12682.59828687
2019-06-15 16:55:30,8695.8,8695.9,8695.8437373,12682.59828687
2019-06-15 16:55:40,8697.8,8697.9,8697.8019348,12682.76692131
2019-06-15 16:55:50,8697.8,8697.9,8697.8019348,12682.76692131
2019-06-15 16:56:00,8700.6,8700.7,8700.6,12684.08142131
2019-06-15 16:56:10,8700.6,8700.7,8700.6,12684.08142131
2019-06-15 16:56:20,8700.9,8701.0,8700.9,12684.996421310000001
2019-06-15 16:56:30,8700.9,8701.0,8702.8,12685.00642131
2019-06-15 16:56:40,8700.9,8701.0,8702.8,12685.00642131
2019-06-15 16:56:50,8702.7,8702.8,8702.8,12685.00642131
2019-06-15 16:57:00,8702.7,8702.8,8702.8,12685.00642131
2019-06-15 16:57:10,8702.7,8702.8,8702.8,12685.00642131
2019-06-15 16:57:20,8701.9,8702.0,8701.9,12685.44704516
2019-06-15 16:57:30,8701.9,8702.0,8701.95979877,12685.61877361
2019-06-15 16:57:40,8701.9,8702.0,8701.95979877,12685.61877361
2019-06-15 16:57:50,8701.9,8702.0,8702.0,12685.63577361
2019-06-15 16:58:00,8701.9,8702.0,8702.0,12685.65077361
2019-06-15 16:58:10,8701.9,8702.0,8702.0,12687.655773610000001
2019-06-15 16:58:20,8701.9,8702.0,8702.0,12687.655773610000001
2019-06-15 16:58:30,8701.9,8702.0,8702.0,12687.655773610000001
2019-06-15 16:58:40,8701.9,8702.0,8702.0,12687.96077361
2019-06-15 16:58:50,8702.4,8702.5,8702.5,12696.02367361
2019-06-15 16:59:00,8702.7,8702.8,8706.2,12698.04587361
2019-06-15 16:59:10,8706.1,8706.2,8706.2,12700.04587361
2019-06-15 16:59:20,8706.1,8706.2,8706.2,12700.04587361
2019-06-15 16:59:30,8706.5,8706.6,8706.6,12702.04587361
2019-06-15 16:59:40,8706.5,8706.6,8706.6,12706.04587361
2019-06-15 16:59:50,8706.5,8706.6,8706.6,12706.04587361
2019-06-15 17:00:00,8706.5,8706.6,8706.6,12706.04587361
2019-06-15 17:00:10,8702.0,8702.1,8702.0,12446.83543333
2019-06-15 17:00:20,8702.0,8702.1,8702.0,12446.83543333
2019-06-15 17:00:30,8703.4,8703.6,8704.0,12450.36310621
2019-06-15 17:00:40,8703.5,8703.6,8703.6,12450.52097949
2019-06-15 17:00:50,8703.5,8703.6,8703.6,12450.52097949
2019-06-15 17:01:00,8702.2,8703.6,8702.2,12450.5559794900000002
2019-06-15 17:01:10,8702.2,8703.6,8702.2,12450.5559794900000002
2019-06-15 17:01:20,8703.9,8705.6,8704.0,12450.56597949
2019-06-15 17:01:30,8703.9,8705.6,8704.0,12450.56597949
2019-06-15 17:01:40,8705.9,8706.0,8706.0,12450.5759794900000002
2019-06-15 17:01:50,8705.9,8706.0,8706.0,12450.5759794900000002
2019-06-15 17:02:00,8706.8,8706.9,8706.8,12450.69501626
2019-06-15 17:02:10,8706.8,8706.9,8706.8,12450.69501626
2019-06-15 17:02:20,8706.8,8706.9,8706.8,12450.69501626
2019-06-15 17:02:30,8706.8,8706.9,8706.8,12450.69501626
2019-06-15 17:02:40,8709.0,8709.1,8709.03942105,12451.15001626
2019-06-15 17:02:50,8709.0,8709.1,8709.03942105,12451.15001626
2019-06-15 17:03:00,8709.0,8709.1,8709.03942105,12451.66701626
2019-06-15 17:03:10,8709.0,8709.1,8709.03942105,12451.66701626
2019-06-15 17:03:20,8709.0,8709.1,8709.03942105,12451.66701626
2019-06-15 17:03:30,8709.0,8709.1,8709.03942105,12451.66701626
2019-06-15 17:03:40,8709.0,8709.1,8709.03942105,12451.66701626
2019-06-15 17:03:50,8712.5,8712.6,8712.6,12452.10545101
2019-06-15 17:04:00,8712.5,8712.6,8712.6,12452.10545101
2019-06-15 17:04:10,8712.6,8712.7,8712.6,12452.11225541
2019-06-15 17:04:20,8720.2,8721.6,8720.2,12463.24979056
2019-06-15 17:04:30,8720.2,8721.6,8720.2,12463.24979056
2019-06-15 17:04:40,8720.2,8720.3,8720.2,12463.56479056
2019-06-15 17:04:50,8720.2,8720.7,8720.2,12464.47486514
2019-06-15 17:05:00,8720.2,8720.7,8720.2,12464.47486514
2019-06-15 17:05:10,8720.2,8720.7,8720.2,12464.47486514
2019-06-15 17:05:20,8720.2,8720.8,8720.2,12464.60051731
2019-06-15 17:05:30,8720.6,8720.7,8720.6,12464.68460987
2019-06-15 17:05:40,8720.6,8720.7,8720.6,12464.78461241
2019-06-15 17:05:50,8720.6,8720.7,8720.6,12464.78461241
2019-06-15 17:06:00,8720.6,8720.7,8720.6,12464.79961241
2019-06-15 17:06:10,8714.1,8717.6,8714.0,12469.91803351
2019-06-15 17:06:20,8716.8,8717.3,8716.8,12470.073033510000002
2019-06-15 17:06:30,8714.1,8717.6,8714.0,12469.91803351
2019-06-15 17:06:40,8716.8,8717.3,8716.8,12470.073033510000002
2019-06-15 17:06:50,8716.3,8716.4,8715.8,12472.64262065
2019-06-15 17:07:00,8716.3,8716.4,8715.8,12472.64262065
2019-06-15 17:07:10,8715.8,8715.9,8715.8,12473.88012065
2019-06-15 17:07:20,8715.6,8715.7,8715.6,12473.89778177
2019-06-15 17:07:30,8716.3,8716.4,8716.3,12473.89278177
2019-06-15 17:07:40,8714.1,8715.7,8715.6,12473.89778177
2019-06-15 17:07:50,8714.1,8715.7,8715.6,12473.89778177
2019-06-15 17:08:00,8714.3,8714.8,8714.0,12473.9170106
2019-06-15 17:08:10,8714.3,8714.8,8714.0,12473.9170106
2019-06-15 17:08:20,8713.9,8714.0,8713.0,12473.9330106
2019-06-15 17:08:30,8714.0,8714.2,8714.0,12473.9280106
2019-06-15 17:08:40,8713.0,8713.1,8713.0,12474.4596106
2019-06-15 17:08:50,8713.0,8713.1,8713.0,12474.4596106
2019-06-15 17:09:00,8713.0,8713.1,8713.0,12474.5161606
2019-06-15 17:09:10,8713.0,8713.1,8713.0,12474.5161606
2019-06-15 17:09:20,8712.3,8712.4,8712.4,12474.5261606
2019-06-15 17:09:30,8712.3,8712.4,8712.4,12474.5261606
2019-06-15 17:09:40,8712.3,8712.4,8712.4,12474.5261606
2019-06-15 17:09:50,8712.3,8712.4,8712.4,12474.5261606
2019-06-15 17:10:00,8712.3,8712.4,8712.4,12474.5291606
2019-06-15 17:10:10,8712.3,8712.4,8712.3,12474.53822343
2019-06-15 17:10:20,8712.3,8712.4,8712.3,12474.53822343
2019-06-15 17:10:30,8712.3,8712.4,8712.3,12474.53822343
2019-06-15 17:10:40,8712.3,8712.5,8712.41066211,12474.55322343
2019-06-15 17:10:50,8712.9,8713.0,8713.0,12475.07322343
2019-06-15 17:11:00,8713.0,8713.1,8713.1,12475.12322343
2019-06-15 17:11:10,8712.3,8713.0,8713.0,12475.45322343
2019-06-15 17:11:20,8712.3,8713.0,8713.0,12475.45322343
2019-06-15 17:11:30,8712.3,8713.0,8713.0,12475.45322343
2019-06-15 17:11:40,8712.3,8712.9,8713.0,12475.45322343
2019-06-15 17:11:50,8712.3,8712.9,8713.0,12475.45322343
2019-06-15 17:12:00,8712.3,8712.7,8712.3,12475.55577743
2019-06-15 17:12:10,8712.4,8713.0,8712.3353121,12475.56577743
2019-06-15 17:12:20,8712.4,8713.0,8712.3353121,12475.56577743
2019-06-15 17:12:30,8712.3,8712.4,8712.3353121,12475.56577743
2019-06-15 17:12:40,8712.3,8712.4,8712.4,12475.59077743
2019-06-15 17:12:50,8712.3,8712.4,8712.4,12475.59077743
2019-06-15 17:13:00,8712.3,8712.5,8712.3,12475.60077743
2019-06-15 17:13:10,8712.3,8712.5,8712.3,12475.60077743
2019-06-15 17:13:20,8712.3,8712.4,8712.3,12475.6771339
2019-06-15 17:13:30,8712.3,8712.4,8712.3,12475.6771339
2019-06-15 17:13:40,8712.3,8712.4,8712.3826702,12479.24614045
2019-06-15 17:13:50,8712.3,8712.4,8712.3826702,12479.24614045
2019-06-15 17:14:00,8712.3,8712.4,8712.3,12479.26624045
2019-06-15 17:14:10,8712.3,8712.4,8712.3,12479.26624045
2019-06-15 17:14:20,8712.3,8712.4,8712.3,12479.26624045
2019-06-15 17:14:30,8711.5,8711.6,8711.5536739,12480.70670682
2019-06-15 17:14:40,8711.5,8711.6,8711.6,12480.70859682
2019-06-15 17:14:50,8711.5,8711.6,8711.6,12480.70859682
2019-06-15 17:15:00,8711.5,8711.6,8711.5,12480.70859682
2019-06-15 17:15:10,8711.5,8711.6,8711.5,12480.70859682
2019-06-15 17:15:20,8711.5,8711.6,8711.5,12480.70920612
2019-06-15 17:15:30,8711.5,8711.6,8711.5,12480.70920612
2019-06-15 17:15:40,8711.5,8711.6,8711.5,12257.89199806
2019-06-15 17:15:50,8711.5,8711.6,8711.5,12257.89199806
2019-06-15 17:16:00,8711.5,8711.6,8711.5,12257.89199806
2019-06-15 17:16:10,8711.5,8711.6,8711.5,12257.91699806
2019-06-15 17:16:20,8711.5,8711.6,8711.5,12257.91699806
2019-06-15 17:16:30,8709.8,8709.9,8711.5,12257.93855674
2019-06-15 17:16:40,8709.8,8709.9,8711.5,12257.93855674
2019-06-15 17:16:50,8709.8,8709.9,8711.5,12257.93855674
2019-06-15 17:17:00,8709.8,8709.9,8711.5,12257.93855674
2019-06-15 17:17:10,8709.8,8709.9,8709.8,12258.40906043
2019-06-15 17:17:20,8709.8,8709.9,8709.8,12258.40906043
2019-06-15 17:17:30,8709.8,8709.9,8709.8,12258.40906043
2019-06-15 17:17:40,8709.8,8709.9,8709.8,12258.40906043
2019-06-15 17:17:50,8709.8,8709.9,8709.8,12258.40906043
2019-06-15 17:18:00,8709.8,8709.9,8709.8,12258.40906043
2019-06-15 17:18:10,8708.1,8708.2,8708.1,12258.87189811
2019-06-15 17:18:20,8708.1,8708.2,8708.1,12258.87189811
2019-06-15 17:18:30,8708.1,8708.2,8708.1,12258.87189811
2019-06-15 17:18:40,8702.2,8702.3,8702.2,12266.13127242
2019-06-15 17:18:50,8702.2,8702.3,8702.2,12266.13127242
2019-06-15 17:19:00,8702.2,8702.3,8702.2,12266.13127242
2019-06-15 17:19:10,8702.0,8702.1,8702.0,12266.81068743
2019-06-15 17:19:20,8701.0,8701.1,8701.1,12266.96642926
2019-06-15 17:19:30,8701.0,8701.1,8701.1,12266.96642926
2019-06-15 17:19:40,8701.0,8701.1,8701.1,12266.96642926
2019-06-15 17:19:50,8701.0,8701.1,8701.0,12267.16724504
2019-06-15 17:20:00,8701.0,8701.1,8701.0530541,12267.27592597
2019-06-15 17:20:10,8701.0,8701.1,8701.0530541,12267.27592597
2019-06-15 17:20:20,8701.0,8701.1,8701.05146187,12267.32624897
2019-06-15 17:20:30,8701.0,8701.1,8701.05146187,12267.32624897
2019-06-15 17:20:40,8701.0,8701.1,8701.05146187,12267.32624897
2019-06-15 17:20:50,8701.0,8701.1,8701.0,12267.32624897
2019-06-15 17:21:00,8701.0,8701.1,8701.05146187,12267.63624897
2019-06-15 17:21:10,8701.0,8701.1,8701.05146187,12267.64331197
2019-06-15 17:21:20,8701.0,8701.1,8701.05146187,12267.64331197
2019-06-15 17:21:30,8701.0,8701.1,8701.05146187,12267.64331197
2019-06-15 17:21:40,8701.0,8701.1,8701.0,12267.74331197
2019-06-15 17:21:50,8701.0,8701.1,8701.0,12267.843311969999999
2019-06-15 17:22:00,8701.0,8701.1,8701.0,12267.843311969999999
2019-06-15 17:22:10,8701.0,8701.1,8701.0,12267.843311969999999
2019-06-15 17:22:20,8701.0,8701.1,8701.0,12267.843311969999999
2019-06-15 17:22:30,8701.0,8701.1,8701.0,12267.843311969999999
2019-06-15 17:22:40,8701.0,8701.1,8701.0,12267.843311969999999
2019-06-15 17:22:50,8701.0,8701.1,8701.0,12267.843311969999999
2019-06-15 17:23:00,8701.0,8701.1,8701.0,12267.96081121
2019-06-15 17:23:10,8701.0,8701.1,8701.0,12267.96081121
2019-06-15 17:23:20,8701.0,8701.1,8701.0,12267.96081121
2019-06-15 17:23:30,8701.0,8701.1,8701.0,12267.98751121
2019-06-15 17:23:40,8701.0,8701.1,8701.0,12267.98751121
2019-06-15 17:23:50,8701.0,8701.1,8701.06081719,12267.99751121
2019-06-15 17:24:00,8701.0,8701.1,8701.0,12267.98751121
2019-06-15 17:24:10,8701.0,8701.1,8701.06081719,12267.99751121
2019-06-15 17:24:20,8701.1,8701.9,8701.2,12273.08323548
2019-06-15 17:24:30,8701.8,8701.9,8701.2,12273.08323548
2019-06-15 17:24:40,8701.8,8701.9,8701.2,12273.08323548
2019-06-15 17:24:50,8701.8,8701.9,8701.2,12273.08323548
2019-06-15 17:25:00,8701.1,8701.8,8701.2,12273.08323548
2019-06-15 17:25:10,8701.1,8701.2,8701.1,12273.49689754
2019-06-15 17:25:20,8701.1,8701.2,8701.1,12273.49689754
2019-06-15 17:25:30,8701.0,8701.1,8701.1,12273.49689754
2019-06-15 17:25:40,8701.0,8701.1,8701.1,12273.49689754
2019-06-15 17:25:50,8701.0,8701.1,8701.0,12273.74432257
2019-06-15 17:26:00,8701.0,8701.1,8701.0,12273.74432257
2019-06-15 17:26:10,8701.0,8701.1,8701.0,12275.25959725
2019-06-15 17:26:20,8700.0,8700.1,8700.0,12300.5335623
2019-06-15 17:26:30,8700.0,8700.1,8700.0,12300.58528653
2019-06-15 17:26:40,8700.0,8700.1,8700.0,12300.58528653
2019-06-15 17:26:50,8700.0,8700.1,8700.0,12300.72907273
2019-06-15 17:27:00,8700.0,8700.1,8700.0,12300.72907273
2019-06-15 17:27:10,8700.0,8700.1,8700.0398364,12300.74187273
2019-06-15 17:27:20,8700.0,8700.1,8700.0398364,12300.843672730000004
2019-06-15 17:27:30,8700.0,8700.1,8700.0398364,12300.843672730000004
2019-06-15 17:27:40,8700.0,8700.1,8700.0398364,12300.843672730000004
2019-06-15 17:27:50,8700.0,8700.1,8700.0,12301.20577273
2019-06-15 17:28:00,8700.0,8700.1,8700.0398364,12302.31639564
2019-06-15 17:28:10,8700.0,8700.1,8700.0398364,12302.31639564
2019-06-15 17:28:20,8700.0,8700.1,8700.0398364,12302.74944671
2019-06-15 17:28:30,8700.0,8700.1,8700.0398364,12302.74944671
2019-06-15 17:28:40,8700.0,8700.1,8700.0,12302.80462918
2019-06-15 17:28:50,8700.0,8700.1,8700.0,12302.80462918
2019-06-15 17:29:00,8700.0,8700.1,8700.0,12303.43022918
2019-06-15 17:29:10,8700.0,8700.1,8700.0,12303.43022918
2019-06-15 17:29:20,8700.0,8700.1,8700.0,12304.99715582
2019-06-15 17:29:30,8700.0,8700.1,8700.0,12305.66115582
2019-06-15 17:29:40,8700.0,8700.1,8700.1,12308.18608671
2019-06-15 17:29:50,8700.0,8700.1,8700.0,12308.20108671
2019-06-15 17:30:00,8700.0,8700.1,8700.0,12308.20108671
2019-06-15 17:30:10,8700.0,8700.1,8700.0,12308.20108671
2019-06-15 17:30:20,8700.0,8700.1,8700.0,12148.58764397
2019-06-15 17:30:30,8700.0,8700.1,8700.0,12148.58764397
2019-06-15 17:30:40,8700.0,8700.1,8700.0,12148.58764397
2019-06-15 17:30:50,8700.0,8700.1,8700.0,12148.58764397
2019-06-15 17:31:00,8700.0,8700.1,8700.0,12148.58764397
2019-06-15 17:31:10,8700.0,8700.1,8700.0,12148.58764397
2019-06-15 17:31:20,8700.0,8700.1,8700.0,12148.69364397
2019-06-15 17:31:30,8700.0,8700.1,8700.0,12148.69364397
2019-06-15 17:31:40,8700.0,8700.1,8700.0,12148.69864397
2019-06-15 17:31:50,8700.0,8700.1,8700.0,12148.69864397
2019-06-15 17:32:00,8700.0,8700.1,8700.0,12148.69864397
2019-06-15 17:32:10,8700.0,8700.1,8700.0,12148.69864397
2019-06-15 17:32:20,8700.0,8700.1,8700.1,12148.79741774
2019-06-15 17:32:30,8700.0,8700.1,8700.1,12148.79741774
2019-06-15 17:32:40,8700.0,8700.1,8700.0,12148.82771435
2019-06-15 17:32:50,8700.0,8700.1,8700.0,12148.82771435
2019-06-15 17:33:00,8700.0,8700.1,8700.0,12148.82771435
2019-06-15 17:33:10,8700.0,8700.1,8700.0,12148.82771435
2019-06-15 17:33:20,8700.0,8700.1,8700.0,12148.82771435
2019-06-15 17:33:30,8700.0,8700.1,8700.0,12148.82771435
2019-06-15 17:33:40,8700.0,8700.1,8700.0398364,12149.01632849
2019-06-15 17:33:50,8700.0,8700.1,8700.0398364,12149.01632849
2019-06-15 17:34:00,8700.0,8700.1,8700.0398364,12149.01632849
2019-06-15 17:34:10,8700.0,8700.1,8700.0398364,12149.07232849
2019-06-15 17:34:20,8700.0,8700.1,8700.0398364,12149.07232849
2019-06-15 17:34:30,8700.0,8700.1,8700.0398364,12149.07232849
2019-06-15 17:34:40,8700.0,8700.1,8700.0398364,12149.07972189
2019-06-15 17:34:50,8700.0,8700.1,8700.0398364,12149.07972189
2019-06-15 17:35:00,8700.0,8700.1,8700.1,12151.73545631
2019-06-15 17:35:10,8700.0,8700.1,8700.1,12152.34792044
2019-06-15 17:35:20,8700.0,8700.1,8700.1,12152.34792044
2019-06-15 17:35:30,8700.0,8700.1,8700.0,12152.51950094
2019-06-15 17:35:40,8686.9,8687.0,8686.9,12224.76861432
2019-06-15 17:35:50,8686.9,8687.0,8686.9,12224.76861432
2019-06-15 17:36:00,8687.0,8687.1,8687.0,12224.79004432
2019-06-15 17:36:10,8687.0,8687.1,8687.0,12224.79004432
2019-06-15 17:36:20,8685.9,8686.0,8685.9,12226.86383069
2019-06-15 17:36:30,8687.0,8687.1,8687.0,12224.79004432
2019-06-15 17:36:40,8686.0,8686.1,8685.9,12226.86383069
2019-06-15 17:36:50,8686.0,8686.1,8685.9,12226.86383069
2019-06-15 17:37:00,8686.0,8686.1,8686.0,12227.74797644
2019-06-15 17:37:10,8686.0,8686.1,8686.0,12227.74797644
2019-06-15 17:37:20,8686.0,8686.1,8686.0,12228.64897644
2019-06-15 17:37:30,8685.4,8685.5,8686.00259109,12228.66097644
2019-06-15 17:37:40,8685.4,8685.5,8686.00259109,12228.66097644
2019-06-15 17:37:50,8685.5,8685.6,8685.5,12228.91597644
2019-06-15 17:38:00,8685.5,8685.6,8685.5,12228.91097644
2019-06-15 17:38:10,8685.5,8685.6,8685.5,12228.91597644
2019-06-15 17:38:20,8686.0,8686.1,8685.9,12228.95428453
2019-06-15 17:38:30,8686.0,8686.1,8686.0,12229.30928453
2019-06-15 17:38:40,8686.0,8686.1,8686.0,12229.30928453
2019-06-15 17:38:50,8684.3,8684.4,8684.4,12229.46428453
2019-06-15 17:39:00,8684.3,8684.4,8684.4,12229.46428453
2019-06-15 17:39:10,8684.3,8684.4,8684.4,12229.46428453
2019-06-15 17:39:20,8684.3,8684.5,8684.4,12230.30331111
2019-06-15 17:39:30,8684.3,8684.5,8684.4,12230.30331111
2019-06-15 17:39:40,8684.4,8684.5,8684.4,12230.30622408
2019-06-15 17:39:50,8684.4,8684.5,8684.4,12230.32622408
2019-06-15 17:40:00,8684.4,8684.5,8684.4,12230.32622408
2019-06-15 17:40:10,8684.4,8684.5,8684.4,12230.32622408
2019-06-15 17:40:20,8684.4,8684.5,8684.4,12230.32684947
2019-06-15 17:40:30,8684.4,8684.5,8684.4,12230.32684947
2019-06-15 17:40:40,8684.4,8684.5,8684.4,12230.37184947
2019-06-15 17:40:50,8684.4,8684.5,8684.4,12230.37184947
2019-06-15 17:41:00,8684.4,8684.5,8684.4,12230.37184947
2019-06-15 17:41:10,8684.4,8684.5,8684.4,12230.37184947
2019-06-15 17:41:20,8684.4,8684.5,8684.4,12230.42257683
2019-06-15 17:41:30,8684.4,8684.5,8684.4,12230.42257683
2019-06-15 17:41:40,8684.4,8684.5,8684.42936126,12230.43257683
2019-06-15 17:41:50,8684.4,8684.5,8684.42936126,12230.43257683
2019-06-15 17:42:00,8684.4,8684.5,8684.42936126,12230.43257683
2019-06-15 17:42:10,8684.4,8684.5,8684.42936126,12230.43257683
2019-06-15 17:42:20,8684.4,8684.5,8684.4,12230.54257683
2019-06-15 17:42:30,8684.4,8684.5,8684.4,12230.54257683
2019-06-15 17:42:40,8684.4,8684.5,8684.4,12230.55404909
2019-06-15 17:42:50,8684.4,8684.5,8684.5,12230.56144249
2019-06-15 17:43:00,8684.4,8684.5,8684.5,12230.56144249
2019-06-15 17:43:10,8684.9,8685.7,8685.3,12234.83549867
2019-06-15 17:43:20,8684.9,8685.7,8685.3,12234.83549867
2019-06-15 17:43:30,8686.0,8686.1,8686.00259109,12235.65838997
2019-06-15 17:43:40,8692.1,8692.2,8691.6,12241.97438997
2019-06-15 17:43:50,8692.1,8692.2,8691.6,12241.97438997
2019-06-15 17:44:00,8691.4,8691.6,8691.5,12248.11406425
2019-06-15 17:44:10,8691.4,8691.6,8691.5,12248.11406425
2019-06-15 17:44:20,8689.7,8690.0,8691.28420208,12249.25160563000001
2019-06-15 17:44:30,8689.7,8690.0,8691.28420208,12249.25160563000001
2019-06-15 17:44:40,8689.8,8689.9,8691.28420208,12249.25160563000001
2019-06-15 17:44:50,8689.8,8689.9,8691.28420208,12249.25160563000001
2019-06-15 17:45:00,8691.8,8693.0,8693.0,12249.79293121
2019-06-15 17:45:10,8691.8,8693.0,8693.0,12249.79293121
2019-06-15 17:45:20,8693.9,8694.1,8693.8,12250.09976871
2019-06-15 17:45:30,8693.1,8693.2,8693.8,12250.09976871
2019-06-15 17:45:40,8693.1,8693.2,8693.8,12250.09976871
2019-06-15 17:45:50,8692.7,8692.8,8692.4,12197.79911647000000004
2019-06-15 17:46:00,8693.1,8693.2,8692.4,12197.79911647000000004
2019-06-15 17:46:10,8692.3,8692.4,8692.4,12197.79911647000000004
2019-06-15 17:46:20,8692.3,8692.4,8692.4,12197.79911647000000004
2019-06-15 17:46:30,8692.3,8692.4,8692.4,12197.90544649
2019-06-15 17:46:40,8692.1,8692.2,8692.1,12198.02556246
2019-06-15 17:46:50,8692.1,8692.2,8692.1,12198.02556246
2019-06-15 17:47:00,8692.1,8692.2,8692.1,12198.02556246
2019-06-15 17:47:10,8692.1,8692.2,8692.1,12198.02556246
2019-06-15 17:47:20,8692.1,8692.2,8692.1,12198.06936246
2019-06-15 17:47:30,8692.1,8692.2,8692.1,12198.06936246
2019-06-15 17:47:40,8692.9,8693.0,8691.2,12198.37552007
2019-06-15 17:47:50,8692.9,8693.0,8691.2,12198.37552007
2019-06-15 17:48:00,8692.9,8693.0,8692.9,12198.37552007
2019-06-15 17:48:10,8692.9,8693.0,8693.0,12198.41052007
2019-06-15 17:48:20,8692.0,8692.1,8692.7,12198.6795500800000001
2019-06-15 17:48:30,8692.9,8693.0,8693.0,12198.41052007
2019-06-15 17:48:40,8692.1,8692.2,8692.0,12198.70455008
2019-06-15 17:48:50,8692.1,8692.2,8692.0,12198.70455008
2019-06-15 17:49:00,8692.9,8693.0,8692.0,12198.70455008
2019-06-15 17:49:10,8694.5,8694.6,8694.5,12198.8262975100000001
2019-06-15 17:49:20,8694.5,8694.6,8694.5,12198.8262975100000001
2019-06-15 17:49:30,8693.2,8694.1,8694.6,12198.88229751
2019-06-15 17:49:40,8693.2,8694.1,8694.6,12198.88229751
2019-06-15 17:49:50,8693.7,8693.8,8693.1,12198.8937990300000001
2019-06-15 17:50:00,8693.5,8693.6,8693.5,12198.8937990300000001
2019-06-15 17:50:10,8693.5,8693.6,8693.5,12198.8937990300000001
2019-06-15 17:50:20,8695.6,8695.7,8695.6,12202.70352066
2019-06-15 17:50:30,8695.6,8695.7,8695.6,12202.70352066
2019-06-15 17:50:40,8695.6,8695.7,8695.6,12203.58486085
2019-06-15 17:50:50,8695.6,8695.7,8695.7,12203.58986085
2019-06-15 17:51:00,8695.6,8695.7,8695.7,12203.58986085
2019-06-15 17:51:10,8695.4,8695.5,8695.5,12204.58735429
2019-06-15 17:51:20,8695.4,8695.5,8695.5,12204.58735429
2019-06-15 17:51:30,8692.0,8692.1,8692.0,12208.33448647
2019-06-15 17:51:40,8692.0,8692.1,8692.0,12215.30613296
2019-06-15 17:51:50,8692.0,8692.1,8692.0,12215.30613296
2019-06-15 17:52:00,8692.0,8692.1,8692.0,12215.30613296
2019-06-15 17:52:10,8692.0,8692.1,8692.06704078,12215.30772629
2019-06-15 17:52:20,8692.0,8692.1,8692.06704078,12215.30772629
2019-06-15 17:52:30,8692.0,8692.1,8692.06704078,12215.30772629
2019-06-15 17:52:40,8692.0,8692.1,8692.0,12215.47844986
2019-06-15 17:52:50,8692.0,8692.1,8692.0,12215.47844986
2019-06-15 17:53:00,8692.0,8692.1,8692.0,12215.47844986
2019-06-15 17:53:10,8692.0,8692.1,8692.0,12215.47844986
2019-06-15 17:53:20,8692.0,8692.1,8692.1,12232.98344986
2019-06-15 17:53:30,8692.0,8692.1,8692.0,12233.03497862
2019-06-15 17:53:40,8692.0,8692.1,8692.0,12233.41716981
2019-06-15 17:53:50,8692.0,8692.1,8692.1,12233.41716981
2019-06-15 17:54:00,8692.0,8692.1,8692.1,12233.41716981
2019-06-15 17:54:10,8692.0,8692.1,8692.1,12233.41716981
2019-06-15 17:54:20,8693.1,8693.2,8699.1,12247.83356204
2019-06-15 17:54:30,8693.1,8693.2,8693.1,12248.06201048
2019-06-15 17:54:40,8693.1,8693.2,8693.1,12248.06201048
2019-06-15 17:54:50,8693.1,8693.2,8693.1,12248.06201048
2019-06-15 17:55:00,8693.1,8693.2,8693.2,12248.11443973
2019-06-15 17:55:10,8693.1,8693.2,8693.2,12248.11443973
2019-06-15 17:55:20,8693.1,8693.2,8693.1,12248.33679299
2019-06-15 17:55:30,8692.9,8693.0,8692.0,12249.26913715
2019-06-15 17:55:40,8692.9,8693.0,8692.0,12249.26913715
2019-06-15 17:55:50,8692.9,8693.0,8693.0,12249.29413715
2019-06-15 17:56:00,8692.9,8693.0,8693.0,12249.29413715
2019-06-15 17:56:10,8692.9,8693.0,8693.0,12249.29413715
2019-06-15 17:56:20,8692.9,8693.0,8693.0,12250.49862894
2019-06-15 17:56:30,8692.9,8693.0,8693.0,12249.33413715
2019-06-15 17:56:40,8692.9,8693.0,8693.0,12250.49862894
2019-06-15 17:56:50,8692.9,8693.0,8693.0,12250.49862894
2019-06-15 17:57:00,8692.9,8693.0,8693.0,12250.49862894
2019-06-15 17:57:10,8692.8,8692.9,8692.9,12252.06216167
2019-06-15 17:57:20,8692.8,8692.9,8692.9,12252.06216167
2019-06-15 17:57:30,8692.2,8692.3,8692.1,12252.07516167
2019-06-15 17:57:40,8692.2,8692.3,8692.1,12252.07516167
2019-06-15 17:57:50,8692.0,8692.1,8692.1,12252.19606283
2019-06-15 17:58:00,8692.0,8692.1,8692.0,12252.20106283
2019-06-15 17:58:10,8692.0,8692.1,8692.1,12252.23106283
2019-06-15 17:58:20,8692.0,8692.1,8692.1,12252.23106283
2019-06-15 17:58:30,8692.0,8692.1,8692.0,12254.33106283
2019-06-15 17:58:40,8692.0,8692.1,8692.0,12254.34126291
2019-06-15 17:58:50,8692.0,8692.1,8692.0,12254.34126291
2019-06-15 17:59:00,8692.0,8692.1,8692.0,12254.34126291
2019-06-15 17:59:10,8692.0,8692.1,8692.0,12254.34126291
2019-06-15 17:59:20,8692.0,8692.1,8692.0,12254.34126291
2019-06-15 17:59:30,8692.0,8692.1,8692.0262055,12257.34742576
2019-06-15 17:59:40,8692.0,8692.1,8692.0262055,12257.34742576
2019-06-15 17:59:50,8692.0,8692.1,8692.0262055,12257.34742576
2019-06-15 18:00:00,8692.0,8692.1,8692.0,12257.56181918
2019-06-15 18:00:10,8692.0,8692.1,8692.0,12257.56327495
2019-06-15 18:00:20,8692.0,8692.1,8692.0,12257.56327495
2019-06-15 18:00:30,8692.0,8692.1,8692.0,12257.56327495
2019-06-15 18:00:40,8692.0,8692.1,8692.0,12097.84645176
2019-06-15 18:00:50,8692.0,8692.1,8692.0,12097.84645176
2019-06-15 18:01:00,8692.0,8692.1,8692.1,12098.14957376000000003
2019-06-15 18:01:10,8692.0,8692.1,8692.1,12098.29957376
2019-06-15 18:01:20,8692.0,8692.1,8692.1,12098.29957376
2019-06-15 18:01:30,8692.0,8692.1,8692.1,12098.29957376
2019-06-15 18:01:40,8692.0,8692.1,8692.0,12098.31164386
2019-06-15 18:01:50,8692.0,8692.1,8692.0,12098.31164386
2019-06-15 18:02:00,8692.0,8692.1,8692.1,12098.36164386
2019-06-15 18:02:10,8692.0,8692.1,8692.1,12098.36164386
2019-06-15 18:02:20,8692.0,8692.1,8692.0262055,12098.40414189
2019-06-15 18:02:30,8692.0,8692.1,8692.0262055,12098.40414189
2019-06-15 18:02:40,8692.0,8692.1,8692.0262055,12098.41664189
2019-06-15 18:02:50,8692.0,8692.1,8692.0262055,12098.41664189
2019-06-15 18:03:00,8692.0,8692.1,8692.0262055,12098.41664189
2019-06-15 18:03:10,8692.0,8692.1,8692.0262055,12098.41664189
2019-06-15 18:03:20,8692.0,8692.1,8692.0,12099.77794655
2019-06-15 18:03:30,8692.0,8692.1,8692.0,12101.39064339
2019-06-15 18:03:40,8692.0,8692.1,8692.0,12101.39064339
2019-06-15 18:03:50,8692.0,8692.1,8690.3,12101.64155353
2019-06-15 18:04:00,8692.0,8692.1,8690.3,12101.64155353
2019-06-15 18:04:10,8690.0,8690.1,8690.0,12135.04658377
2019-06-15 18:04:20,8690.0,8690.1,8690.0,12138.7794371
2019-06-15 18:04:30,8690.0,8690.1,8690.0,12138.7794371
2019-06-15 18:04:40,8690.0,8690.1,8690.0,12142.85394023
2019-06-15 18:04:50,8684.8,8684.9,8684.8,12190.20214479
2019-06-15 18:05:00,8684.8,8684.9,8684.8,12190.20214479
2019-06-15 18:05:10,8684.8,8684.9,8684.8,12190.20214479
2019-06-15 18:05:20,8684.8,8684.9,8684.8,12191.71038346
2019-06-15 18:05:30,8684.8,8684.9,8684.8,12191.71038346
2019-06-15 18:05:40,8684.8,8684.9,8684.8,12191.71038346
2019-06-15 18:05:50,8684.8,8684.9,8684.8,12191.72258346
2019-06-15 18:06:00,8684.7,8684.8,8684.7,12191.80958346
2019-06-15 18:06:10,8684.7,8684.8,8684.7,12191.80958346
2019-06-15 18:06:20,8683.5,8683.6,8683.5,12191.84958346
2019-06-15 18:06:30,8683.5,8683.6,8683.5,12191.85958346
2019-06-15 18:06:40,8683.5,8683.6,8683.5,12191.86458346
2019-06-15 18:06:50,8683.5,8683.6,8683.5,12191.86458346
2019-06-15 18:07:00,8683.5,8683.6,8683.6,12191.91458346
2019-06-15 18:07:10,8683.5,8683.6,8683.6,12191.91458346
2019-06-15 18:07:20,8683.5,8683.6,8683.5,12191.91958346
2019-06-15 18:07:30,8683.5,8683.6,8683.6,12191.99331237
2019-06-15 18:07:40,8683.5,8683.6,8683.6,12191.99331237
2019-06-15 18:07:50,8683.5,8683.6,8683.6,12191.99331237
2019-06-15 18:08:00,8683.5,8683.6,8683.6,12191.99331237
2019-06-15 18:08:10,8683.5,8683.6,8683.6,12191.99331237
2019-06-15 18:08:20,8683.4,8683.5,8683.4,12192.61831237
2019-06-15 18:08:30,8682.6,8683.5,8683.4,12192.84640053
2019-06-15 18:08:40,8683.4,8683.5,8683.4,12192.96140053
2019-06-15 18:08:50,8683.4,8683.5,8683.4,12192.96140053
2019-06-15 18:09:00,8683.0,8683.1,8682.6,12195.71977053
2019-06-15 18:09:10,8683.0,8683.1,8682.6,12195.71977053
2019-06-15 18:09:20,8683.0,8683.1,8683.0,12198.47538529
2019-06-15 18:09:30,8683.0,8683.1,8683.0,12198.47538529
2019-06-15 18:09:40,8683.0,8683.1,8683.1,12198.60695265000001
2019-06-15 18:09:50,8683.0,8683.1,8683.1,12198.60695265000001
2019-06-15 18:10:00,8683.0,8683.1,8680.1,12199.60695265000001
2019-06-15 18:10:10,8683.0,8683.1,8680.1,12199.60695265000001
2019-06-15 18:10:20,8683.0,8683.1,8683.0,12199.63917609
2019-06-15 18:10:30,8683.0,8683.1,8683.1,12199.65533825
2019-06-15 18:10:40,8683.0,8683.1,8683.1,12199.65533825
2019-06-15 18:10:50,8683.0,8683.1,8683.1,12200.18053825000001
2019-06-15 18:11:00,8683.0,8683.1,8683.1,12200.18053825000001
2019-06-15 18:11:10,8683.0,8683.1,8683.1,12200.18053825000001
2019-06-15 18:11:20,8683.0,8683.1,8683.1,12200.18053825000001
2019-06-15 18:11:30,8683.0,8683.1,8683.1,12200.18053825000001
2019-06-15 18:11:40,8683.0,8683.1,8683.0,12200.19553825
2019-06-15 18:11:50,8683.0,8683.1,8683.0,12200.20053825
2019-06-15 18:12:00,8683.0,8683.1,8683.0,12200.20053825
2019-06-15 18:12:10,8683.0,8683.1,8683.0,12200.20053825
2019-06-15 18:12:20,8683.0,8683.1,8683.0,12200.20053825
2019-06-15 18:12:30,8683.0,8683.1,8683.0,12200.25553825
2019-06-15 18:12:40,8683.0,8683.1,8683.1,12200.28081825000001
2019-06-15 18:12:50,8683.0,8683.1,8683.0,12200.58081825
2019-06-15 18:13:00,8683.0,8683.1,8683.0,12200.58081825
2019-06-15 18:13:10,8683.0,8683.1,8683.0,12200.58081825
2019-06-15 18:13:20,8683.0,8683.1,8683.0,12200.58081825
2019-06-15 18:13:30,8683.0,8683.1,8683.08084884,12200.9869311
2019-06-15 18:13:40,8683.0,8683.1,8683.08084884,12200.9869311
2019-06-15 18:13:50,8683.0,8683.1,8683.08084884,12200.9869311
2019-06-15 18:14:00,8683.0,8683.1,8683.00296913,12200.99107518000001
2019-06-15 18:14:10,8683.0,8683.1,8683.00296913,12200.99107518000001
2019-06-15 18:14:20,8683.0,8683.1,8683.0,12201.11607518000001
2019-06-15 18:14:30,8683.0,8683.1,8683.0,12201.11607518000001
2019-06-15 18:14:40,8683.0,8683.1,8683.0,12201.11607518000001
2019-06-15 18:14:50,8683.0,8683.1,8683.0,12201.11607518000001
2019-06-15 18:15:00,8683.0,8683.1,8683.0,12201.11607518000001
2019-06-15 18:15:10,8683.0,8683.1,8683.0,12201.11607518000001
2019-06-15 18:15:20,8683.0,8683.1,8683.08084884,12102.69985096000001
2019-06-15 18:15:30,8683.0,8683.1,8683.08084884,12102.96768175000001
2019-06-15 18:15:40,8683.0,8683.1,8683.08084884,12102.96768175000001
2019-06-15 18:15:50,8683.0,8683.1,8683.08084884,12103.13831140000001
2019-06-15 18:16:00,8683.0,8683.1,8683.08084884,12103.13831140000001
2019-06-15 18:16:10,8683.0,8683.1,8683.08084884,12103.15831140000001004
2019-06-15 18:16:20,8683.0,8683.1,8683.08084884,12103.15831140000001004
2019-06-15 18:16:30,8683.0,8683.1,8683.1,12103.22980900000001
2019-06-15 18:16:40,8683.0,8683.1,8683.00296913,12103.24280900000001
2019-06-15 18:16:50,8683.0,8683.1,8683.00296913,12103.24280900000001
2019-06-15 18:17:00,8691.4,8691.5,8693.5,12115.13949133000001
2019-06-15 18:17:10,8691.4,8691.5,8693.5,12115.13949133000001
2019-06-15 18:17:20,8690.6,8691.5,8689.3,12115.71111024000001
2019-06-15 18:17:30,8691.4,8691.5,8693.5,12115.13949133000001
2019-06-15 18:17:40,8690.6,8691.5,8689.3,12115.71111024000001
2019-06-15 18:17:50,8691.4,8691.5,8689.3,12115.71111024000001
2019-06-15 18:18:00,8691.4,8691.5,8691.5,12115.72861024000001
2019-06-15 18:18:10,8691.4,8691.5,8691.5,12115.72861024000001
2019-06-15 18:18:20,8690.8,8690.9,8690.8,12117.91896908000001
2019-06-15 18:18:30,8690.4,8690.6,8690.9,12118.41762805000001
2019-06-15 18:18:40,8690.5,8690.6,8690.6,12118.47462805000001
2019-06-15 18:18:50,8690.5,8690.6,8690.6,12118.51384336000001
2019-06-15 18:19:00,8690.5,8690.6,8690.6,12118.47462805000001
2019-06-15 18:19:10,8690.5,8690.6,8690.6,12118.51384336000001
2019-06-15 18:19:20,8690.5,8690.6,8690.5,12118.56384336000001
2019-06-15 18:19:30,8690.5,8690.6,8690.5,12118.56384336000001
2019-06-15 18:19:40,8688.9,8690.4,8690.9,12121.11754336000001
2019-06-15 18:19:50,8688.9,8690.4,8690.9,12121.11754336000001
2019-06-15 18:20:00,8690.7,8690.8,8690.7,12121.35247820000001
2019-06-15 18:20:10,8690.7,8690.8,8690.7,12121.35247820000001
2019-06-15 18:20:20,8690.8,8690.9,8690.8,12123.04581311000001
2019-06-15 18:20:30,8690.7,8690.8,8690.7,12122.37833488000001
2019-06-15 18:20:40,8690.8,8690.9,8690.8,12124.05081311000001
2019-06-15 18:20:50,8690.8,8690.9,8690.8,12124.05081311000001
2019-06-15 18:21:00,8690.8,8690.9,8690.8,12124.06692311000001
2019-06-15 18:21:10,8690.8,8690.9,8690.8,12124.06692311000001
2019-06-15 18:21:20,8690.8,8690.9,8690.9,12124.18192311000001
2019-06-15 18:21:30,8690.8,8690.9,8690.9,12124.18192311000001
2019-06-15 18:21:40,8690.8,8690.9,8690.9,12124.18192311000001
2019-06-15 18:21:50,8688.5,8689.9,8689.5,12135.37292311000001
2019-06-15 18:22:00,8689.4,8689.5,8690.16045506,12135.37492311000001
2019-06-15 18:22:10,8689.4,8689.5,8689.4,12135.37988032000001
2019-06-15 18:22:20,8689.4,8689.5,8689.4,12135.37988032000001
2019-06-15 18:22:30,8689.4,8689.5,8689.4,12135.37988032000001
2019-06-15 18:22:40,8687.9,8688.0,8687.9,12137.92988032000001
2019-06-15 18:22:50,8683.4,8683.5,8683.0,12137.96288032000001
2019-06-15 18:23:00,8683.4,8683.5,8683.0,12137.96288032000001
2019-06-15 18:23:10,8683.4,8683.5,8683.0,12137.96288032000001
2019-06-15 18:23:20,8683.4,8683.5,8683.5,12138.06288032000001
2019-06-15 18:23:30,8683.4,8683.5,8683.5,12138.06288032000001
2019-06-15 18:23:40,8683.4,8683.5,8683.41797294,12138.06788032000001
2019-06-15 18:23:50,8683.4,8683.5,8683.41797294,12138.06788032000001
2019-06-15 18:24:00,8683.4,8683.5,8683.4,12138.07288032000001
2019-06-15 18:24:10,8683.4,8683.5,8683.4,12138.07288032000001
2019-06-15 18:24:20,8683.4,8683.5,8683.4,12138.07288032000001
2019-06-15 18:24:30,8683.4,8683.5,8683.4,12138.19288032000001
2019-06-15 18:24:40,8683.4,8683.5,8683.4,12138.19288032000001
2019-06-15 18:24:50,8683.4,8683.5,8683.4,12138.20788032000001
2019-06-15 18:25:00,8683.0,8683.1,8683.1,12138.81668714000001
2019-06-15 18:25:10,8683.0,8683.1,8683.1,12138.81668714000001
2019-06-15 18:25:20,8683.0,8683.1,8683.0,12138.88653277000001
2019-06-15 18:25:30,8683.0,8683.1,8683.0,12139.38522080000001
2019-06-15 18:25:40,8683.0,8683.1,8683.0,12139.38522080000001
2019-06-15 18:25:50,8683.0,8683.1,8683.0,12139.38522080000001
2019-06-15 18:26:00,8683.0,8683.1,8683.0,12139.39331419000001
2019-06-15 18:26:10,8683.0,8683.1,8683.0,12139.39331419000001
2019-06-15 18:26:20,8683.0,8683.1,8683.0,12139.39331419000001
2019-06-15 18:26:30,8683.0,8683.1,8683.0,12139.39331419000001
2019-06-15 18:26:40,8683.0,8683.1,8683.0,12139.39331419000001
2019-06-15 18:26:50,8682.9,8683.0,8682.96847414,12139.45434562000001
2019-06-15 18:27:00,8682.9,8683.0,8682.96847414,12139.45434562000001
2019-06-15 18:27:10,8682.9,8683.0,8683.0,12139.47133765000001
2019-06-15 18:27:20,8682.9,8683.0,8683.0,12139.47133765000001
2019-06-15 18:27:30,8682.9,8683.0,8683.0,12139.47133765000001
2019-06-15 18:27:40,8682.9,8683.0,8683.0,12139.47133765000001
2019-06-15 18:27:50,8681.6,8681.7,8681.61997771,12139.60433765000001
2019-06-15 18:28:00,8681.6,8681.7,8681.6,12139.70433765000001
2019-06-15 18:28:10,8681.6,8681.7,8681.6,12139.70433765000001
2019-06-15 18:28:20,8681.6,8681.7,8681.61997771,12139.71926765000001
2019-06-15 18:28:30,8681.6,8681.7,8681.61997771,12139.71926765000001
2019-06-15 18:28:40,8681.6,8681.7,8681.61997771,12139.71926765000001
2019-06-15 18:28:50,8680.1,8680.2,8681.6,12139.81846860000001
2019-06-15 18:29:00,8680.1,8680.2,8680.1,12139.82046860000001
2019-06-15 18:29:10,8680.1,8680.2,8680.1,12139.82046860000001
2019-06-15 18:29:20,8680.1,8680.2,8680.1,12139.82046860000001
2019-06-15 18:29:30,8680.1,8680.2,8680.1,12139.82046860000001
2019-06-15 18:29:40,8680.1,8680.2,8680.1,12139.82046860000001
2019-06-15 18:29:50,8680.1,8680.2,8680.1,12139.82060808000001
2019-06-15 18:30:00,8680.1,8680.2,8680.1,12139.82060808000001
2019-06-15 18:30:10,8680.1,8680.2,8680.1,12028.35779736000001
2019-06-15 18:30:20,8680.1,8680.2,8680.1,12028.35779736000001
2019-06-15 18:30:30,8680.1,8680.2,8680.2,12028.38821078000001
2019-06-15 18:30:40,8680.0,8680.1,8680.1,12028.58057742000001003
2019-06-15 18:30:50,8680.0,8680.1,8680.1,12028.58057742000001003
2019-06-15 18:31:00,8680.0,8680.1,8680.1,12028.58057742000001003
2019-06-15 18:31:10,8680.0,8680.1,8680.1,12028.58057742000001003
2019-06-15 18:31:20,8680.0,8680.1,8680.04673188,12028.71679997000001003
2019-06-15 18:31:30,8680.0,8680.1,8680.0,12029.92179997000001
2019-06-15 18:31:40,8679.3,8679.4,8679.26010897,12030.60217475000001
2019-06-15 18:31:50,8668.0,8668.1,8668.1,12035.15365798000001
2019-06-15 18:32:00,8668.0,8668.1,8668.1,12035.15365798000001
2019-06-15 18:32:10,8668.0,8668.1,8668.1,12035.15365798000001
2019-06-15 18:32:20,8668.0,8668.1,8668.0,12036.41945252000001
2019-06-15 18:32:30,8668.0,8668.1,8668.1,12040.83161689000001
2019-06-15 18:32:40,8666.1,8667.7,8668.0,12041.89949398000001
2019-06-15 18:32:50,8666.1,8667.7,8668.0,12041.89949398000001
2019-06-15 18:33:00,8666.1,8667.7,8668.0,12041.89949398000001
2019-06-15 18:33:10,8668.0,8668.1,8668.0,12041.98253398000001
2019-06-15 18:33:20,8668.0,8668.1,8668.0,12041.98253398000001
2019-06-15 18:33:30,8668.0,8668.1,8668.0,12042.00753398000001
2019-06-15 18:33:40,8668.0,8668.1,8668.0,12042.02753398000001
2019-06-15 18:33:50,8668.0,8668.1,8668.0,12042.02753398000001
2019-06-15 18:34:00,8669.2,8669.3,8669.2,12042.24536582000001
2019-06-15 18:34:10,8669.2,8669.3,8671.3,12042.26036582000001
2019-06-15 18:34:20,8669.2,8669.3,8671.3,12042.26036582000001
2019-06-15 18:34:30,8669.2,8669.3,8669.3,12042.51803270000001
2019-06-15 18:34:40,8669.2,8669.3,8669.2,12042.56487935000001
2019-06-15 18:34:50,8669.2,8669.3,8669.2,12042.56487935000001
2019-06-15 18:35:00,8669.2,8669.3,8669.3,12042.60907935000001
2019-06-15 18:35:10,8669.2,8669.3,8669.3,12042.60907935000001
2019-06-15 18:35:20,8669.1,8669.2,8669.2,12042.63493219000001
2019-06-15 18:35:30,8669.2,8669.3,8669.2,12042.83585839000001
2019-06-15 18:35:40,8669.2,8669.3,8669.2,12043.06656152000001
2019-06-15 18:35:50,8669.2,8669.3,8669.2,12043.06656152000001
2019-06-15 18:36:00,8669.2,8669.3,8669.2,12043.06656152000001
2019-06-15 18:36:10,8669.2,8669.3,8669.2,12043.06656152000001
2019-06-15 18:36:20,8671.9,8672.0,8672.0,12043.60451733000001
2019-06-15 18:36:30,8671.9,8672.0,8672.0,12043.60451733000001
2019-06-15 18:36:40,8671.9,8672.0,8672.0,12043.60451733000001
2019-06-15 18:36:50,8671.9,8672.0,8671.95575334,12043.77051733000001
2019-06-15 18:37:00,8680.1,8680.2,8680.1,12046.554517330000008
2019-06-15 18:37:10,8680.1,8680.2,8680.1,12046.554517330000008
2019-06-15 18:37:20,8681.7,8681.8,8681.73235241,12047.57451733000001
2019-06-15 18:37:30,8681.7,8681.8,8681.73235241,12047.57451733000001
2019-06-15 18:37:40,8683.1,8684.3,8684.8,12047.70951733000001
2019-06-15 18:37:50,8681.3,8681.6,8681.3,12048.74737938000001
2019-06-15 18:38:00,8681.3,8681.6,8681.3,12048.74737938000001
2019-06-15 18:38:10,8681.3,8681.4,8681.39522831,12048.74895138000001
2019-06-15 18:38:20,8681.3,8681.4,8681.39522831,12048.74895138000001
2019-06-15 18:38:30,8680.8,8682.3,8679.8,12048.75395138000001
2019-06-15 18:38:40,8680.8,8682.3,8679.8,12048.75395138000001
2019-06-15 18:38:50,8682.5,8683.0,8679.8,12048.75395138000001
2019-06-15 18:39:00,8678.6,8679.4,8679.3,12049.33490622000001
2019-06-15 18:39:10,8678.6,8679.4,8679.3,12049.33490622000001
2019-06-15 18:39:20,8681.0,8682.4,8680.6,12049.34187431000001
2019-06-15 18:39:30,8682.5,8683.1,8683.1,12049.51515203000001
2019-06-15 18:39:40,8682.3,8682.5,8682.5,12049.58015203000001
2019-06-15 18:39:50,8682.3,8682.5,8682.5,12049.58015203000001
2019-06-15 18:40:00,8681.6,8682.8,8680.9,12049.585152030000008
2019-06-15 18:40:10,8681.6,8682.8,8680.9,12049.585152030000008
2019-06-15 18:40:20,8681.8,8681.9,8681.3,12049.61171403000001
2019-06-15 18:40:30,8681.2,8682.2,8682.2,12049.67197871000001
2019-06-15 18:40:40,8679.8,8680.6,8682.2,12049.67197871000001
2019-06-15 18:40:50,8679.8,8679.9,8682.2,12049.67197871000001
2019-06-15 18:41:00,8679.8,8679.9,8682.2,12049.67197871000001
2019-06-15 18:41:10,8679.8,8679.9,8682.2,12049.67197871000001
2019-06-15 18:41:20,8679.8,8679.9,8679.8,12049.67197871000001
2019-06-15 18:41:30,8679.8,8679.9,8679.8,12049.67197871000001
2019-06-15 18:41:40,8675.8,8677.4,8679.8,12049.70153271000001
2019-06-15 18:41:50,8678.3,8678.4,8679.8,12049.70153271000001
2019-06-15 18:42:00,8675.8,8675.9,8676.3,12049.99023354000001
2019-06-15 18:42:10,8675.8,8675.9,8676.3,12049.99023354000001
2019-06-15 18:42:20,8675.8,8675.9,8676.3,12049.99023354000001
2019-06-15 18:42:30,8675.8,8675.9,8676.3,12049.99023354000001
2019-06-15 18:42:40,8675.8,8675.9,8675.88886791,12049.99383633000001
2019-06-15 18:42:50,8675.8,8675.9,8675.88886791,12050.04383633000001
2019-06-15 18:43:00,8675.8,8675.9,8675.88886791,12050.05183633000001
2019-06-15 18:43:10,8675.8,8675.9,8675.88886791,12050.05183633000001
2019-06-15 18:43:20,8675.8,8675.9,8675.88886791,12050.11683633000001
2019-06-15 18:43:30,8675.8,8675.9,8675.88886791,12050.11683633000001
2019-06-15 18:43:40,8675.8,8675.9,8675.88886791,12050.11683633000001
2019-06-15 18:43:50,8675.8,8675.9,8675.88886791,12050.11683633000001
2019-06-15 18:44:00,8675.8,8675.9,8675.8147223,12050.13071632000001
2019-06-15 18:44:10,8675.8,8675.9,8676.9,12050.63071632000001
2019-06-15 18:44:20,8675.8,8675.9,8676.9,12050.63071632000001
2019-06-15 18:44:30,8675.8,8675.9,8676.9,12050.63071632000001
2019-06-15 18:44:40,8676.9,8677.0,8676.9200507,12050.64071632000001
2019-06-15 18:44:50,8676.9,8677.0,8676.9200507,12050.64071632000001
2019-06-15 18:45:00,8676.9,8677.0,8676.9,12050.65274935000001
2019-06-15 18:45:10,8676.9,8677.0,8676.9,12050.65274935000001
2019-06-15 18:45:20,8678.0,8678.8,8677.8,12051.78417663000001
2019-06-15 18:45:30,8676.8,8676.9,8676.9,11934.49123601000001
2019-06-15 18:45:40,8676.8,8676.9,8676.9,11934.49123601000001
2019-06-15 18:45:50,8676.8,8676.9,8676.8,11934.76685252000001
2019-06-15 18:46:00,8676.8,8676.9,8676.8,11934.76685252000001
2019-06-15 18:46:10,8676.8,8676.9,8676.8,11934.76685252000001
2019-06-15 18:46:20,8676.8,8676.9,8676.8,11934.76685252000001
2019-06-15 18:46:30,8676.8,8676.9,8676.8,11934.76685252000001
2019-06-15 18:46:40,8676.8,8676.9,8676.9,11934.76977452000001
2019-06-15 18:46:50,8676.8,8676.9,8676.9,11934.76977452000001
2019-06-15 18:47:00,8676.8,8676.9,8676.8,11934.76977452000001
2019-06-15 18:47:10,8676.8,8676.9,8676.8,11934.76977452000001
2019-06-15 18:47:20,8676.8,8676.9,8676.8,11934.78488131000001
2019-06-15 18:47:30,8676.0,8676.1,8676.0,11934.86869012000001
2019-06-15 18:47:40,8676.0,8676.1,8676.0,11934.86869012000001
2019-06-15 18:47:50,8676.0,8676.1,8676.0,11934.86869012000001
2019-06-15 18:48:00,8676.0,8676.1,8676.0,11936.92511155000001
2019-06-15 18:48:10,8674.9,8676.1,8674.9,11938.1431115500000103
2019-06-15 18:48:20,8674.9,8676.1,8674.9,11938.1431115500000103
2019-06-15 18:48:30,8674.9,8675.0,8674.9,11938.52744355000001
2019-06-15 18:48:40,8674.9,8675.0,8674.9,11938.52744355000001
2019-06-15 18:48:50,8670.7,8674.7,8671.0,11939.92328265000001
2019-06-15 18:49:00,8670.7,8674.7,8671.0,11939.92328265000001
2019-06-15 18:49:10,8670.7,8674.7,8671.0,11939.92328265000001
2019-06-15 18:49:20,8670.7,8670.8,8670.3,11939.92328265000001
2019-06-15 18:49:30,8670.7,8670.8,8670.3,11939.92328265000001
2019-06-15 18:49:40,8670.6,8670.7,8670.5,11940.05197488000001
2019-06-15 18:49:50,8670.9,8671.0,8671.0,11940.29897488000001
2019-06-15 18:50:00,8670.6,8670.7,8670.5,11940.05197488000001
2019-06-15 18:50:10,8671.9,8672.0,8671.0,11940.35078166000001
2019-06-15 18:50:20,8671.4,8671.5,8671.4,11940.35191144000001
2019-06-15 18:50:30,8671.4,8671.5,8671.4,11940.35191144000001
2019-06-15 18:50:40,8671.4,8671.5,8671.4,11940.35191144000001
2019-06-15 18:50:50,8673.2,8674.5,8673.0,11940.80687191000001
2019-06-15 18:51:00,8673.2,8673.3,8673.3,11940.81187191000001
2019-06-15 18:51:10,8673.2,8673.3,8673.2,11940.85041878000001
2019-06-15 18:51:20,8673.2,8673.3,8673.2,11940.85041878000001
2019-06-15 18:51:30,8670.9,8671.6,8673.2,11940.85041878000001
2019-06-15 18:51:40,8670.9,8671.6,8673.2,11940.85041878000001
2019-06-15 18:51:50,8671.0,8671.1,8671.0,11940.85541878000001
2019-06-15 18:52:00,8671.0,8671.1,8671.0,11940.85541878000001
2019-06-15 18:52:10,8675.0,8675.1,8674.1,11941.4282659400000105
2019-06-15 18:52:20,8675.0,8675.1,8674.1,11941.4282659400000105
2019-06-15 18:52:30,8675.0,8675.1,8675.1,11947.80772922000001
2019-06-15 18:52:40,8675.0,8675.1,8675.1,11947.80772922000001
2019-06-15 18:52:50,8675.0,8675.1,8675.0,11947.89809780000001
2019-06-15 18:53:00,8675.0,8675.1,8675.0,11947.89809780000001
2019-06-15 18:53:10,8675.0,8675.1,8675.0,11947.89809780000001
2019-06-15 18:53:20,8675.0,8675.1,8675.0,11947.92609780000001
2019-06-15 18:53:30,8675.0,8675.1,8675.0,11947.93352180000001
2019-06-15 18:53:40,8675.0,8675.1,8675.0,11947.93352180000001
2019-06-15 18:53:50,8675.0,8675.1,8675.0,11947.93352180000001
2019-06-15 18:54:00,8675.0,8675.1,8675.0,11947.93352180000001
2019-06-15 18:54:10,8675.0,8675.1,8675.0,11947.93352180000001
2019-06-15 18:54:20,8675.0,8675.1,8675.1,11947.94352180000001
2019-06-15 18:54:30,8675.0,8675.1,8675.0,11947.99527083000001
2019-06-15 18:54:40,8675.0,8675.1,8675.0,11947.99527083000001
2019-06-15 18:54:50,8675.0,8675.1,8675.0,11947.99527083000001
2019-06-15 18:55:00,8674.0,8674.1,8674.0,11960.53867512000001
2019-06-15 18:55:10,8669.8,8669.9,8669.8,11961.32299316000001
2019-06-15 18:55:20,8669.8,8669.9,8669.8,11961.32299316000001
2019-06-15 18:55:30,8669.3,8669.4,8669.3,11962.86762469000001
2019-06-15 18:55:40,8669.3,8669.4,8669.3,11962.86762469000001
2019-06-15 18:55:50,8669.3,8669.4,8669.3,11962.91482469000001
2019-06-15 18:56:00,8669.3,8669.4,8669.3,11962.91482469000001
2019-06-15 18:56:10,8669.3,8669.4,8669.3,11962.91482469000001
2019-06-15 18:56:20,8669.3,8669.4,8669.3,11963.07010619000001
2019-06-15 18:56:30,8669.3,8669.4,8669.3,11963.097076190000012
2019-06-15 18:56:40,8669.3,8669.4,8669.3,11963.10207619000001
2019-06-15 18:56:50,8669.3,8669.4,8669.3,11963.10207619000001
2019-06-15 18:57:00,8669.3,8669.4,8669.3,11963.10207619000001
2019-06-15 18:57:10,8669.3,8669.4,8669.3,11963.23337619000001
2019-06-15 18:57:20,8669.3,8669.4,8669.3,11963.30837619000001
2019-06-15 18:57:30,8669.3,8669.4,8669.3,11963.33607619000001
2019-06-15 18:57:40,8669.3,8669.4,8669.3,11963.33607619000001
2019-06-15 18:57:50,8669.3,8669.4,8669.3,11963.336725190000012
2019-06-15 18:58:00,8669.3,8669.4,8669.3,11963.336725190000012
2019-06-15 18:58:10,8669.3,8669.4,8669.3,11963.336725190000012
2019-06-15 18:58:20,8669.3,8669.4,8669.3,11968.65111893000001
2019-06-15 18:58:30,8669.3,8669.4,8669.3,11968.68611893000001
2019-06-15 18:58:40,8668.6,8668.7,8668.6,11969.839311840000014
2019-06-15 18:58:50,8668.6,8668.7,8668.6,11969.839311840000014
2019-06-15 18:59:00,8668.6,8668.7,8668.6,11969.839311840000014
2019-06-15 18:59:10,8666.0,8666.1,8666.0,11970.854311840000014
2019-06-15 18:59:20,8661.0,8661.4,8661.0,11976.20482687000001
2019-06-15 18:59:30,8661.0,8661.1,8661.0,11976.23682687000001
2019-06-15 18:59:40,8661.0,8661.1,8661.0,11976.23682687000001
2019-06-15 18:59:50,8661.3,8661.4,8661.3,11976.88562869000001
2019-06-15 19:00:00,8661.3,8661.4,8661.4,11976.31562869000001
2019-06-15 19:00:10,8661.3,8661.4,8661.3,11976.88562869000001
2019-06-15 19:00:20,8661.3,8661.4,8661.4,11465.57937317000001
2019-06-15 19:00:30,8661.3,8661.4,8661.3,11465.64437317000001
2019-06-15 19:00:40,8661.3,8661.4,8661.0,11466.8468501600000099
2019-06-15 19:00:50,8661.3,8661.4,8661.0,11466.8468501600000099
2019-06-15 19:01:00,8656.9,8657.0,8657.0,11472.17692533000001
2019-06-15 19:01:10,8656.9,8657.0,8657.0,11472.17692533000001
2019-06-15 19:01:20,8656.9,8657.0,8657.0,11472.22092286000001
2019-06-15 19:01:30,8656.9,8657.0,8656.9,11472.37280306000001
2019-06-15 19:01:40,8656.9,8657.0,8656.9,11472.69780306000001
2019-06-15 19:01:50,8656.9,8657.0,8656.9,11472.69780306000001
2019-06-15 19:02:00,8656.9,8657.0,8656.9,11472.70780306000001
2019-06-15 19:02:10,8656.9,8657.0,8657.0,11472.83349910000001
2019-06-15 19:02:20,8656.9,8657.0,8656.9,11472.85849910000001
2019-06-15 19:02:30,8656.9,8657.0,8656.9,11472.85849910000001
2019-06-15 19:02:40,8656.9,8657.0,8656.9,11472.85849910000001
2019-06-15 19:02:50,8655.0,8655.4,8655.0,11476.10724952000001
2019-06-15 19:03:00,8655.0,8655.4,8655.0,11476.10724952000001
2019-06-15 19:03:10,8655.3,8655.4,8655.0,11476.93024952000001
2019-06-15 19:03:20,8655.3,8655.4,8655.0,11476.93024952000001
2019-06-15 19:03:30,8655.0,8655.1,8655.0,11477.49658217000001
2019-06-15 19:03:40,8655.0,8655.1,8655.0,11477.49658217000001
2019-06-15 19:03:50,8655.0,8655.1,8655.0,11477.50158217000001
2019-06-15 19:04:00,8655.0,8655.1,8655.0,11477.75658217000001
2019-06-15 19:04:10,8655.0,8655.1,8655.0,11478.26899730000001
2019-06-15 19:04:20,8655.0,8655.1,8655.0,11478.26899730000001
2019-06-15 19:04:30,8655.0,8655.1,8653.7,11478.33357350000001
2019-06-15 19:04:40,8647.5,8647.6,8647.5,11491.49701210000001
2019-06-15 19:04:50,8647.5,8647.6,8647.5,11491.49701210000001
2019-06-15 19:05:00,8647.5,8647.6,8647.6,11493.27299947000001
2019-06-15 19:05:10,8647.5,8647.6,8647.6,11493.27299947000001
2019-06-15 19:05:20,8647.5,8647.6,8647.5,11493.32779947000001
2019-06-15 19:05:30,8647.5,8647.6,8647.5,11493.32866398000001
2019-06-15 19:05:40,8647.5,8647.6,8647.5,11493.86835121000001
2019-06-15 19:05:50,8647.5,8647.6,8647.5,11493.86835121000001
2019-06-15 19:06:00,8646.5,8646.6,8646.6,11498.87835121000001
2019-06-15 19:06:10,8646.5,8646.6,8646.6,11498.87835121000001
2019-06-15 19:06:20,8647.0,8647.1,8646.7,11498.88835121000001
2019-06-15 19:06:30,8647.0,8647.1,8646.7,11498.88835121000001
2019-06-15 19:06:40,8646.5,8646.6,8646.5,11499.61335121000001
2019-06-15 19:06:50,8646.5,8646.6,8646.5,11499.62335121000001
2019-06-15 19:07:00,8646.0,8646.1,8646.5,11499.70721350000001
2019-06-15 19:07:10,8646.0,8646.1,8646.5,11499.70721350000001
2019-06-15 19:07:20,8645.3,8645.4,8645.3,11499.80721350000001
2019-06-15 19:07:30,8644.3,8644.4,8644.4,11501.43722621000001
2019-06-15 19:07:40,8644.2,8644.3,8644.3,11502.53722621000001
2019-06-15 19:07:50,8644.2,8644.3,8644.3,11502.53722621000001
2019-06-15 19:08:00,8644.2,8644.3,8644.2,11502.58722621000001
2019-06-15 19:08:10,8644.2,8644.3,8644.2,11502.61522621000001
2019-06-15 19:08:20,8644.2,8644.3,8644.2,11502.61522621000001
2019-06-15 19:08:30,8644.2,8644.3,8644.2,11502.61522621000001
2019-06-15 19:08:40,8644.2,8644.3,8644.2,11502.655494800000014
2019-06-15 19:08:50,8644.2,8644.3,8644.3,11502.86489210000001
2019-06-15 19:09:00,8644.2,8644.3,8644.2,11502.655494800000014
2019-06-15 19:09:10,8651.6,8651.7,8651.7,11502.86581366000001
2019-06-15 19:09:20,8651.6,8651.7,8651.7,11502.86581366000001
2019-06-15 19:09:30,8651.6,8651.7,8651.7,11506.08928569000001
2019-06-15 19:09:40,8651.6,8651.7,8651.7,11506.14909028000001
2019-06-15 19:09:50,8651.6,8651.7,8651.7,11506.14909028000001
2019-06-15 19:10:00,8651.6,8651.7,8651.6,11507.00298118000001
2019-06-15 19:10:10,8651.6,8651.7,8651.61593228,11507.024933200000014
2019-06-15 19:10:20,8651.6,8651.7,8651.61593228,11507.024933200000014
2019-06-15 19:10:30,8651.6,8651.7,8651.61593228,11507.024933200000014
2019-06-15 19:10:40,8651.6,8651.7,8651.61593228,11507.024933200000014
2019-06-15 19:10:50,8651.6,8651.7,8651.61593228,11507.024933200000014
2019-06-15 19:11:00,8651.6,8651.7,8651.7,11507.03993320000001
2019-06-15 19:11:10,8651.6,8651.7,8651.7,11507.139486620000014
2019-06-15 19:11:20,8651.6,8651.7,8651.7,11507.33128925000001
2019-06-15 19:11:30,8651.6,8651.7,8651.7,11507.33128925000001
2019-06-15 19:11:40,8651.6,8651.7,8651.7,11507.33128925000001
2019-06-15 19:11:50,8651.5,8651.6,8651.5,11507.41905446000001
2019-06-15 19:12:00,8651.5,8651.6,8651.5,11508.08299046000001
2019-06-15 19:12:10,8651.5,8651.6,8651.5,11508.08299046000001
2019-06-15 19:12:20,8651.5,8651.6,8651.5,11508.70197522000001
2019-06-15 19:12:30,8651.5,8651.6,8651.6,11508.70697522000001
2019-06-15 19:12:40,8651.5,8651.6,8651.6,11508.70697522000001
2019-06-15 19:12:50,8651.5,8651.6,8651.5,11508.73643243000001
2019-06-15 19:13:00,8651.5,8651.6,8651.5,11508.73643243000001
2019-06-15 19:13:10,8650.4,8650.9,8651.5,11509.43155348000001
2019-06-15 19:13:20,8649.9,8650.0,8649.9,11509.43955348000001
2019-06-15 19:13:30,8649.9,8650.0,8650.0,11509.458256870000014
2019-06-15 19:13:40,8649.9,8650.0,8650.0,11509.458256870000014
2019-06-15 19:13:50,8649.9,8650.0,8649.9,11511.38416998000001
2019-06-15 19:14:00,8649.9,8650.0,8649.9,11511.38416998000001
2019-06-15 19:14:10,8649.9,8650.0,8649.9,11511.38416998000001
2019-06-15 19:14:20,8649.9,8650.0,8649.9,11511.38416998000001
2019-06-15 19:14:30,8649.9,8650.0,8649.9,11511.41444408000001
2019-06-15 19:14:40,8649.9,8650.0,8649.9,11511.41444408000001
2019-06-15 19:14:50,8649.9,8650.0,8650.0,11520.47362108000001
2019-06-15 19:15:00,8649.9,8650.0,8649.9,11511.41444408000001
2019-06-15 19:15:10,8649.9,8650.0,8650.0,11520.47362108000001
2019-06-15 19:15:20,8649.9,8650.0,8650.0,11520.47362108000001
2019-06-15 19:15:30,8649.9,8650.0,8649.9,11482.99447563000001
2019-06-15 19:15:40,8649.9,8650.0,8649.9,11484.00636382000001
2019-06-15 19:15:50,8649.9,8650.0,8649.9,11484.00636382000001
2019-06-15 19:16:00,8649.9,8650.0,8649.9,11484.00636382000001
2019-06-15 19:16:10,8649.9,8650.0,8649.9,11484.00636382000001
2019-06-15 19:16:20,8649.9,8650.0,8649.9,11484.00636382000001
2019-06-15 19:16:30,8649.9,8650.0,8649.9,11484.0649407700000099
2019-06-15 19:16:40,8649.9,8650.0,8649.9,11484.0649407700000099
2019-06-15 19:16:50,8649.9,8650.0,8649.9,11484.0649407700000099
2019-06-15 19:17:00,8649.9,8650.0,8649.9,11484.0649407700000099
2019-06-15 19:17:10,8649.9,8650.0,8649.9,11484.0649407700000099
2019-06-15 19:17:20,8649.9,8650.0,8649.9,11484.16928768000001
2019-06-15 19:17:30,8649.9,8650.0,8649.9,11484.0649407700000099
2019-06-15 19:17:40,8649.9,8650.0,8649.9,11484.18428768000001
2019-06-15 19:17:50,8649.9,8650.0,8649.9,11484.18428768000001
2019-06-15 19:18:00,8649.9,8650.0,8649.9,11484.18428768000001
2019-06-15 19:18:10,8649.9,8650.0,8649.9,11484.18428768000001
2019-06-15 19:18:20,8649.9,8650.0,8649.9,11484.68428768000001
2019-06-15 19:18:30,8649.9,8650.0,8649.9,11484.68428768000001
2019-06-15 19:18:40,8649.9,8650.0,8649.9,11484.68428768000001
2019-06-15 19:18:50,8649.9,8650.0,8649.9,11484.68428768000001
2019-06-15 19:19:00,8649.9,8650.0,8649.9,11484.68428768000001
2019-06-15 19:19:10,8649.9,8650.0,8649.9,11484.68428768000001
2019-06-15 19:19:20,8649.5,8649.6,8649.9,11484.68428768000001
2019-06-15 19:19:30,8649.5,8649.6,8649.9,11484.68428768000001
2019-06-15 19:19:40,8639.6,8639.7,8639.6,11518.56057088000001
2019-06-15 19:19:50,8639.6,8639.7,8639.6,11519.79800988000001
2019-06-15 19:20:00,8639.6,8639.7,8639.6,11519.79800988000001
2019-06-15 19:20:10,8639.6,8639.7,8639.6,11519.90300988000001
2019-06-15 19:20:20,8646.0,8646.1,8640.4,11521.28546777000001
2019-06-15 19:20:30,8639.6,8639.7,8639.6,11519.90300988000001
2019-06-15 19:20:40,8646.0,8646.1,8640.4,11521.28546777000001
2019-06-15 19:20:50,8647.5,8647.6,8647.6,11522.36759269000001
2019-06-15 19:21:00,8647.5,8647.6,8647.5,11522.60064901000001
2019-06-15 19:21:10,8647.5,8647.6,8647.5,11522.60064901000001
2019-06-15 19:21:20,8647.5,8647.6,8647.5,11522.90028747000001
2019-06-15 19:21:30,8647.5,8647.6,8647.5,11522.90028747000001
2019-06-15 19:21:40,8646.3,8647.3,8645.2,11535.13417679000001
2019-06-15 19:21:50,8646.3,8647.3,8645.2,11535.13417679000001
2019-06-15 19:22:00,8647.0,8647.1,8647.0,11535.13417679000001
2019-06-15 19:22:10,8647.0,8647.1,8647.0,11535.13417679000001
2019-06-15 19:22:20,8645.7,8645.8,8647.0,11535.13487679000001
2019-06-15 19:22:30,8655.9,8658.2,8658.2,11547.97881868000001
2019-06-15 19:22:40,8657.3,8657.4,8657.4,11549.49459995000001
2019-06-15 19:22:50,8657.3,8657.4,8657.4,11549.49459995000001
2019-06-15 19:23:00,8657.3,8657.4,8657.4,11549.74459995000001
2019-06-15 19:23:10,8657.3,8657.4,8657.4,11549.74459995000001
2019-06-15 19:23:20,8657.3,8657.4,8657.3,11549.74688122000001
2019-06-15 19:23:30,8657.3,8657.4,8657.3,11549.75488122000001
2019-06-15 19:23:40,8657.3,8657.4,8657.4,11550.16061482000001
2019-06-15 19:23:50,8657.5,8657.6,8657.6,11552.47418922000001
2019-06-15 19:24:00,8657.5,8657.6,8657.6,11552.47418922000001
2019-06-15 19:24:10,8657.5,8657.6,8657.6,11552.47418922000001
2019-06-15 19:24:20,8657.5,8657.6,8657.6,11552.47418922000001
2019-06-15 19:24:30,8657.5,8657.6,8657.6,11552.47418922000001
2019-06-15 19:24:40,8657.5,8657.6,8657.6,11552.47418922000001
2019-06-15 19:24:50,8657.5,8657.6,8657.6,11552.47418922000001
2019-06-15 19:25:00,8657.5,8657.6,8657.6,11552.47418922000001
2019-06-15 19:25:10,8657.5,8657.6,8657.6,11552.47418922000001
2019-06-15 19:25:20,8659.9,8660.0,8660.0,11553.31487150000001
2019-06-15 19:25:30,8659.9,8660.0,8660.0,11553.31487150000001
2019-06-15 19:25:40,8659.9,8660.0,8660.0,11553.31487150000001
2019-06-15 19:25:50,8661.4,8661.5,8661.5,11554.00936289000001
2019-06-15 19:26:00,8661.4,8661.5,8661.5,11554.00936289000001
2019-06-15 19:26:10,8661.4,8661.5,8661.5,11554.00936289000001
2019-06-15 19:26:20,8661.4,8662.0,8661.4,11554.48865009000001
2019-06-15 19:26:30,8661.5,8661.6,8661.4,11554.48865009000001
2019-06-15 19:26:40,8661.5,8661.6,8661.4,11554.48865009000001
2019-06-15 19:26:50,8661.8,8661.9,8661.9,11554.57365009000001
2019-06-15 19:27:00,8661.8,8661.9,8661.9,11554.57365009000001
2019-06-15 19:27:10,8661.8,8661.9,8662.0,11554.59973526000001
2019-06-15 19:27:20,8661.8,8661.9,8662.0,11554.59973526000001
2019-06-15 19:27:30,8661.8,8661.9,8661.9,11555.22822619000001
2019-06-15 19:27:40,8661.9,8662.0,8661.9,11555.34537499000001
2019-06-15 19:27:50,8661.9,8662.0,8661.9,11555.34537499000001
2019-06-15 19:28:00,8669.6,8669.7,8669.7,11557.95910278000001
2019-06-15 19:28:10,8669.6,8669.7,8669.7,11557.95910278000001
2019-06-15 19:28:20,8669.9,8670.0,8669.7,11557.95910278000001
2019-06-15 19:28:30,8669.9,8670.0,8669.9,11563.88765426000001
2019-06-15 19:28:40,8672.8,8672.9,8672.9,11564.71710278000001
2019-06-15 19:28:50,8672.8,8672.9,8672.9,11564.71710278000001
2019-06-15 19:29:00,8672.8,8672.9,8672.9,11564.71710278000001
2019-06-15 19:29:10,8672.8,8672.9,8672.9,11564.71710278000001
2019-06-15 19:29:20,8673.8,8673.9,8673.86612327,11568.93304637000001
2019-06-15 19:29:30,8675.8,8675.9,8675.9,11569.42235437000001
2019-06-15 19:29:40,8675.8,8675.9,8675.9,11569.42235437000001
2019-06-15 19:29:50,8672.6,8672.7,8675.9,11569.42235437000001
2019-06-15 19:30:00,8672.6,8672.7,8675.9,11569.42235437000001
2019-06-15 19:30:10,8672.6,8672.7,8675.9,11569.42235437000001
2019-06-15 19:30:20,8674.0,8674.1,8672.7,11569.63235437000001
2019-06-15 19:30:30,8675.1,8675.2,8675.1,11560.78055368000001
2019-06-15 19:30:40,8675.1,8675.2,8675.2,11560.78580945000001
2019-06-15 19:30:50,8676.3,8676.4,8676.4,11565.62637891000001
2019-06-15 19:31:00,8676.3,8676.4,8676.4,11565.62637891000001
2019-06-15 19:31:10,8676.7,8676.8,8678.3,11565.7793099100000105
2019-06-15 19:31:20,8676.7,8676.8,8678.3,11565.7793099100000105
2019-06-15 19:31:30,8676.8,8676.9,8676.9,11566.09853691000001
2019-06-15 19:31:40,8675.5,8675.6,8675.5517438,11566.10353691000001
2019-06-15 19:31:50,8675.5,8675.6,8675.5517438,11566.10353691000001
2019-06-15 19:32:00,8675.5,8675.6,8675.5517438,11566.10353691000001
2019-06-15 19:32:10,8677.2,8677.3,8678.3,11566.1732693000000105
2019-06-15 19:32:20,8677.2,8677.3,8678.3,11566.1732693000000105
2019-06-15 19:32:30,8677.2,8677.3,8678.3,11566.1732693000000105
2019-06-15 19:32:40,8677.2,8677.3,8677.2,11566.32326930000001
2019-06-15 19:32:50,8677.2,8677.3,8677.2,11566.32326930000001
2019-06-15 19:33:00,8677.2,8677.3,8677.3,11566.3832693000000105
2019-06-15 19:33:10,8677.2,8677.3,8677.3,11566.3832693000000105
2019-06-15 19:33:20,8676.4,8676.5,8676.4,11566.43540779000001
2019-06-15 19:33:30,8676.4,8676.5,8676.4,11566.43540779000001
2019-06-15 19:33:40,8676.4,8676.5,8676.4,11566.43540779000001
2019-06-15 19:33:50,8676.4,8676.5,8676.4,11566.44540779000001
2019-06-15 19:34:00,8676.4,8676.5,8676.4,11566.44540779000001
2019-06-15 19:34:10,8676.4,8676.5,8676.4,11566.44540779000001
2019-06-15 19:34:20,8676.4,8676.5,8676.5,11566.46040779000001
2019-06-15 19:34:30,8676.4,8676.5,8676.5,11566.46040779000001
2019-06-15 19:34:40,8676.4,8676.5,8676.4,11566.61144445000001
2019-06-15 19:34:50,8676.4,8676.5,8676.4,11566.61644445000001
2019-06-15 19:35:00,8676.4,8676.5,8676.4,11566.61144445000001
2019-06-15 19:35:10,8675.5,8675.6,8675.6,11566.68144445000001
2019-06-15 19:35:20,8675.5,8675.6,8675.6,11566.68144445000001
2019-06-15 19:35:30,8675.5,8675.6,8675.5,11566.75988460000001
2019-06-15 19:35:40,8675.5,8675.6,8675.5,11566.75988460000001
2019-06-15 19:35:50,8675.5,8675.6,8675.5,11566.75988460000001
2019-06-15 19:36:00,8675.5,8675.6,8675.5,11566.75988460000001
2019-06-15 19:36:10,8675.5,8675.6,8675.5,11566.75988460000001
2019-06-15 19:36:20,8675.5,8675.6,8675.6,11566.93350246000001
2019-06-15 19:36:30,8675.5,8675.6,8675.6,11566.94350246000001
2019-06-15 19:36:40,8675.5,8675.6,8675.6,11566.95350246000001
2019-06-15 19:36:50,8675.5,8675.6,8675.5,11567.16350246000001
2019-06-15 19:37:00,8675.5,8675.6,8675.5,11567.16350246000001
2019-06-15 19:37:10,8675.5,8675.6,8675.5,11567.3635024600000106
2019-06-15 19:37:20,8675.5,8675.6,8675.5,11567.3635024600000106
2019-06-15 19:37:30,8675.5,8675.6,8675.5,11567.3635024600000106
2019-06-15 19:37:40,8675.5,8675.6,8675.5,11567.3635024600000106
2019-06-15 19:37:50,8675.5,8675.6,8675.5,11567.3635024600000106
2019-06-15 19:38:00,8675.5,8675.6,8675.5,11567.3635024600000106
2019-06-15 19:38:10,8675.6,8675.7,8675.6,11568.83288460000001
2019-06-15 19:38:20,8675.6,8675.7,8675.6,11568.83288460000001
2019-06-15 19:38:30,8675.6,8675.7,8675.6,11568.83288460000001
2019-06-15 19:38:40,8675.6,8675.7,8675.6,11568.83288460000001
2019-06-15 19:38:50,8675.6,8675.7,8675.6,11568.83288460000001
2019-06-15 19:39:00,8675.6,8675.7,8675.6,11568.89618460000001
2019-06-15 19:39:10,8675.6,8675.7,8675.6,11568.89618460000001
2019-06-15 19:39:20,8675.6,8675.7,8675.6,11568.89618460000001
2019-06-15 19:39:30,8675.6,8675.7,8675.6,11568.89618460000001
2019-06-15 19:39:40,8677.9,8678.0,8678.0,11569.10418460000001
2019-06-15 19:39:50,8677.9,8678.0,8678.0,11569.10418460000001
2019-06-15 19:40:00,8677.9,8678.0,8677.9,11570.10918460000001
2019-06-15 19:40:10,8677.9,8678.0,8677.9,11570.10918460000001
2019-06-15 19:40:20,8677.9,8678.0,8677.9,11570.13116660000001
2019-06-15 19:40:30,8677.9,8678.0,8677.9,11570.10918460000001
2019-06-15 19:40:40,8677.9,8678.0,8678.0,11570.13616660000001
2019-06-15 19:40:50,8677.9,8678.0,8678.0,11570.13616660000001
2019-06-15 19:41:00,8677.9,8678.0,8677.9,11570.27616660000001
2019-06-15 19:41:10,8677.9,8678.0,8678.0,11570.28616660000001
2019-06-15 19:41:20,8677.9,8678.0,8678.0,11570.28616660000001
2019-06-15 19:41:30,8677.9,8678.0,8678.0,11570.28616660000001
2019-06-15 19:41:40,8677.9,8678.0,8678.0,11570.28616660000001
2019-06-15 19:41:50,8677.9,8678.0,8678.0,11570.28616660000001
2019-06-15 19:42:00,8677.9,8678.0,8678.0,11570.28616660000001
2019-06-15 19:42:10,8677.9,8678.0,8678.0,11570.28616660000001
2019-06-15 19:42:20,8677.9,8678.0,8677.9,11570.28853203000001
2019-06-15 19:42:30,8677.9,8678.0,8677.9,11570.28853203000001
2019-06-15 19:42:40,8677.9,8678.0,8677.9,11570.28853203000001
2019-06-15 19:42:50,8677.9,8678.0,8677.9,11570.28853203000001
2019-06-15 19:43:00,8677.9,8678.0,8677.9,11570.28853203000001
2019-06-15 19:43:10,8677.9,8678.0,8678.0,11570.33853203000001
2019-06-15 19:43:20,8677.9,8678.0,8678.0,11570.33853203000001
2019-06-15 19:43:30,8677.9,8678.0,8678.0,11570.33853203000001
2019-06-15 19:43:40,8677.9,8678.0,8678.0,11570.33853203000001
2019-06-15 19:43:50,8677.9,8678.0,8678.0,11570.33853203000001
2019-06-15 19:44:00,8677.9,8678.0,8678.0,11570.33853203000001
2019-06-15 19:44:10,8677.9,8678.0,8678.0,11570.33853203000001
2019-06-15 19:44:20,8677.9,8678.0,8677.9,11570.37353203000001
2019-06-15 19:44:30,8677.9,8678.0,8678.0,11570.33853203000001
2019-06-15 19:44:40,8677.9,8678.0,8677.9,11570.37353203000001
2019-06-15 19:44:50,8677.9,8678.0,8678.0,11570.54764810000001
2019-06-15 19:45:00,8677.9,8678.0,8678.0,11570.54764810000001
2019-06-15 19:45:10,8677.9,8678.0,8678.0,11570.54764810000001
2019-06-15 19:45:20,8678.0,8678.1,8678.0,11571.28594810000001
2019-06-15 19:45:30,8678.0,8678.1,8678.0,11571.28594810000001
2019-06-15 19:45:40,8678.0,8678.1,8678.0,11571.28594810000001
2019-06-15 19:45:50,8678.0,8678.1,8678.0,11334.54786297000001
2019-06-15 19:46:00,8678.0,8678.1,8678.0,11334.54786297000001
2019-06-15 19:46:10,8678.0,8678.1,8678.0,11334.54786297000001
2019-06-15 19:46:20,8678.0,8678.1,8678.0,11334.54786297000001
2019-06-15 19:46:30,8678.0,8678.1,8678.0,11334.54786297000001
2019-06-15 19:46:40,8678.0,8678.1,8678.02398725,11334.559249950000009999
2019-06-15 19:46:50,8678.0,8678.1,8678.02398725,11334.559249950000009999
2019-06-15 19:47:00,8678.0,8678.1,8678.02398725,11334.559249950000009999
2019-06-15 19:47:10,8678.0,8678.1,8678.02398725,11334.559249950000009999
2019-06-15 19:47:20,8678.0,8678.1,8678.0,11334.70905995000001
2019-06-15 19:47:30,8678.0,8678.1,8678.0,11334.70905995000001
2019-06-15 19:47:40,8669.9,8670.0,8671.0,11344.07000159000001
2019-06-15 19:47:50,8669.9,8670.0,8671.0,11344.07000159000001
2019-06-15 19:48:00,8675.4,8677.5,8675.4,11347.75067492000001
2019-06-15 19:48:10,8675.7,8676.9,8675.4,11347.75067492000001
2019-06-15 19:48:20,8675.7,8676.9,8675.4,11347.75067492000001
2019-06-15 19:48:30,8675.7,8676.9,8675.4,11347.75067492000001
2019-06-15 19:48:40,8675.9,8676.0,8676.0,11347.790198800000011
2019-06-15 19:48:50,8675.9,8676.1,8676.0,11347.790198800000011
2019-06-15 19:49:00,8675.2,8676.0,8675.0,11348.10975652000001
2019-06-15 19:49:10,8675.7,8676.0,8675.0,11348.10975652000001
2019-06-15 19:49:20,8675.7,8676.0,8675.0,11348.10975652000001
2019-06-15 19:49:30,8675.8,8675.9,8675.8,11348.11475652000001
2019-06-15 19:49:40,8675.8,8675.9,8675.8,11348.15675652000001
2019-06-15 19:49:50,8675.8,8675.9,8675.8,11348.15675652000001
2019-06-15 19:50:00,8675.8,8675.9,8675.8,11348.15675652000001
2019-06-15 19:50:10,8675.8,8675.9,8675.8,11348.16175652000001
2019-06-15 19:50:20,8675.8,8675.9,8675.8,11348.16175652000001
2019-06-15 19:50:30,8675.8,8675.9,8675.8,11348.16675652000001
2019-06-15 19:50:40,8675.8,8675.9,8675.8,11348.16675652000001
2019-06-15 19:50:50,8678.2,8678.3,8678.2,11348.16820851000001
2019-06-15 19:51:00,8678.2,8678.3,8678.2,11348.16820851000001
2019-06-15 19:51:10,8679.2,8679.3,8684.1,11348.74489607000001
2019-06-15 19:51:20,8679.2,8679.3,8684.1,11348.74489607000001
2019-06-15 19:51:30,8684.0,8684.1,8684.1,11348.74489607000001
2019-06-15 19:51:40,8684.0,8684.1,8684.1,11348.74489607000001
2019-06-15 19:51:50,8684.0,8684.1,8684.1,11348.74489607000001
2019-06-15 19:52:00,8684.0,8684.1,8684.1,11348.74489607000001
2019-06-15 19:52:10,8684.0,8684.1,8684.1,11348.74489607000001
2019-06-15 19:52:20,8684.0,8684.1,8684.0,11352.07228743000001
2019-06-15 19:52:30,8684.0,8684.1,8684.0,11352.07228743000001
2019-06-15 19:52:40,8684.0,8684.1,8684.0,11352.10728743000001
2019-06-15 19:52:50,8684.0,8684.1,8684.0,11352.10728743000001
2019-06-15 19:53:00,8684.0,8684.1,8684.0,11354.17415080000001
2019-06-15 19:53:10,8684.0,8684.1,8684.0,11354.17415080000001
2019-06-15 19:53:20,8685.7,8685.8,8685.7,11354.83560811000001
2019-06-15 19:53:30,8685.7,8685.8,8685.7,11354.67560811000001
2019-06-15 19:53:40,8685.7,8685.8,8685.7,11354.83560811000001
2019-06-15 19:53:50,8685.7,8685.8,8685.7,11354.83960811000001
2019-06-15 19:54:00,8685.7,8685.8,8685.77784169,11354.84860811000001
2019-06-15 19:54:10,8685.7,8685.8,8685.77784169,11354.84860811000001
2019-06-15 19:54:20,8685.7,8685.8,8685.7,11354.85860811000001
2019-06-15 19:54:30,8685.7,8685.8,8685.7,11354.85860811000001
2019-06-15 19:54:40,8685.7,8685.8,8685.77784169,11354.91943770000001
2019-06-15 19:54:50,8685.7,8685.8,8685.77784169,11354.91943770000001
2019-06-15 19:55:10,8685.7,8685.8,8685.77784169,11354.91943770000001
2019-06-15 19:55:20,8685.7,8685.8,8685.7,11354.94543770000001
2019-06-15 19:55:30,8685.7,8685.8,8685.7,11354.94543770000001
2019-06-15 19:55:40,8685.7,8685.8,8685.7,11357.08543770000001
